3184 5054
348 429 505 498 innititur
518 429 677 500 Euclides
691 439 768 515 post
781 427 1139 517 vigesimamoctavam
1153 427 1206 496 sui
1220 425 1315 494 Libri
1330 424 1443 514 primi,

347 539 572 609 manifestum
598 550 650 608 est
677 538 834 609 omnibus
862 537 1063 618 Geometris,
1092 537 1201 606 solam
1228 535 1443 623 hypothesim

349 649 465 738 anguli
487 649 568 718 recti
588 669 662 717 esse
681 670 808 728 veram,
830 669 892 716 nec
912 647 1020 717 ullum
1040 646 1183 733 relinqui
1204 645 1318 714 locum
1338 646 1445 733 hypo-

350 758 437 826 thesi
459 758 575 845 anguli
598 757 719 826 obtusi.
767 757 879 846 Igitur
900 756 1097 844 hypothesis
1119 755 1236 843 anguli
1258 754 1371 824 obtusi
1394 763 1446 823 est

351 868 504 936 absolute
520 867 618 946 falsa,
635 867 715 953 quia
731 888 766 934 se
782 867 891 953 ipsam
906 865 1058 935 destruit.
1099 865 1203 954 Quod
1218 875 1291 933 erat
1306 864 1446 934 demon·

351 978 538 1045 strandum.
562 972 620 1040 [20]

421 1085 542 1166 Aliter,
558 1108 598 1154 ac
612 1085 722 1175 magis
737 1085 940 1154 immediate.
980 1084 1267 1172 Quandoquidem
1282 1106 1327 1152 ex
1341 1085 1448 1170 hypo-

352 1195 439 1264 thesi
454 1195 570 1284 anguli
585 1196 696 1264 obtusi
712 1195 1020 1264 demonstravimus
1041 1195 1095 1282 (in
1110 1216 1201 1262 nona
1216 1193 1340 1281 hujus)
1362 1195 1448 1262 duos

360 1305 435 1393 (fig.
455 1305 528 1393 ll.)
550 1315 667 1374 acutos
684 1305 828 1393 angulos
843 1305 1005 1393 trianguli
1023 1304 1133 1383 APX,
1152 1303 1338 1391 rectanguli
1356 1303 1391 1371 in
1408 1304 1448 1382 P,

354 1415 505 1501 majores
524 1436 597 1482 esse
616 1437 686 1483 uno
705 1425 814 1496 reeto;
833 1425 967 1483 constat
985 1414 1088 1483 talem
1106 1414 1234 1483 assumi
1253 1434 1353 1500 posse
1372 1434 1450 1481 acu-

355 1534 429 1592 tum
456 1524 621 1611 angulum
649 1523 758 1604 PAD,
787 1525 845 1610 qui
874 1523 975 1592 simul
1003 1545 1080 1592 cum
1107 1522 1288 1610 praedictis
1318 1523 1451 1591 duobus

355 1632 463 1701 acutis
479 1633 613 1721 angulis
629 1634 716 1702 duos
732 1644 841 1702 rectos
857 1633 988 1702 efficiat.
1029 1635 1128 1702 Tunc
1144 1643 1259 1702 autem
1275 1643 1367 1701 recta
1382 1631 1451 1700 AD

357 1742 493 1810 deberet
513 1743 576 1830 (ex
590 1745 820 1829 praecedente,
836 1741 938 1829 juxta
953 1743 1168 1829 hypothesim
1183 1742 1299 1830 anguli
1314 1741 1446 1829 obtusi)

357 1851 540 1938 aliquando
565 1874 766 1920 concurrere
792 1873 871 1920 cum
897 1852 970 1938 ipsa
998 1852 1071 1949 PL,
1096 1851 1168 1920 sive
1195 1851 1270 1931 XL,
1299 1862 1452 1939 respectu

357 1960 474 2029 habito
492 1962 536 2029 ad
555 1972 733 2040 secantem,
754 1961 826 2029 sive
844 1961 1048 2029 incidentem
1066 1961 1147 2042 AP;
1165 1963 1257 2048 quod
1276 1971 1327 2028 est
1344 1961 1453 2029 mani-

360 2070 488 2138 iestum
508 2071 694 2139 absurdum
714 2083 832 2139 contra
853 2070 1198 2156 decimamseptimam
1219 2070 1330 2157 primi,
1353 2070 1381 2138 si
1403 2093 1454 2138 re-

360 2179 481 2266 spicias
495 2181 539 2248 ad
552 2190 731 2259 secantem,
746 2180 817 2248 sive
829 2180 1033 2248 incidentem
1047 2180 1125 2248 AX.

746 2426 987 2485 PROPOSITIO
1006 2429 1071 2484 XV.

362 2555 420 2624 Ex
436 2554 586 2642 quolibet
603 2555 772 2643 triangula
790 2557 897 2640 ΑΒΕ,
916 2557 1017 2645 cujus
1035 2568 1104 2626 tres
1120 2557 1223 2626 simul
1240 2557 1358 2645 anguli
1380 2559 1455 2646 (fig.

457 2665 531 2752 13.)
555 2668 712 2752 aequales
728 2664 807 2748 sint,
826 2677 886 2734 aut
901 2667 1062 2755 majores,
1082 2678 1142 2736 aut
1158 2666 1308 2736 minores
1325 2669 1459 2761 duobus

455 2772 567 2856 rectis,
596 2774 767 2844 stabilitur
793 2774 979 2864 respective
1008 2776 1205 2864 hypothesis
1244 2787 1304 2844 aut
1343 2776 1460 2863 anguli

456 2883 550 2966 recti,
570 2895 629 2953 aut
647 2884 765 2972 anguli
783 2885 904 2966 obtusi,
924 2896 984 2953 aut
1002 2885 1119 2972 anguli
1137 2884 1236 2955 ocuti

436 3048 708 3118 Demonstratur.
757 3050 849 3117 Nam
871 3052 940 3119 duo
963 3052 1083 3120 saltem
1105 3052 1194 3122 illius
1216 3053 1378 3141 trianguli
1401 3077 1461 3122 an·

367 3156 447 3243 guli,
466 3169 503 3225 ut
519 3169 601 3243 puta
615 3160 660 3227 ad
676 3169 800 3245 puncta
816 3160 860 3238 A,
878 3171 911 3227 et
928 3161 967 3240 C,
984 3161 1075 3229 acuti
1091 3172 1200 3241 erunt,
1219 3174 1357 3250 propter
1373 3163 1462 3232 deci·

366 3267 638 3353 mamseptimam
665 3267 774 3354 primi.
828 3268 945 3356 Quare
971 3271 1267 3358 perpendicularis,
1297 3297 1341 3340 ex
1369 3272 1462 3360 apice

369 3374 488 3461 reliqui
505 3374 621 3463 anguli
640 3377 668 3443 B
686 3378 730 3445 ad
747 3377 856 3462 ipsam
872 3377 937 3448 AC
954 3378 1110 3460 demissa,
1129 3381 1255 3450 secabit
1273 3382 1383 3468 ipsam
1399 3380 1463 3452 Ac

375 3485 532 3572 (propter
560 3487 703 3554 eandem
731 3486 1078 3574 decimamseptimam
1106 3490 1226 3578 primi)
1274 3491 1308 3559 in
1350 3493 1464 3581 aliquo

369 3605 496 3680 puncto
510 3595 713 3665 intermedio
728 3596 771 3664 D.
813 3597 850 3666 Si
866 3619 950 3685 ergo
964 3609 1033 3667 tres
1049 3599 1165 3686 anguli
1181 3599 1286 3686 ipsius
1301 3601 1464 3690 trianguli

370 3703 465 3774 ΑΒΕ
479 3716 713 3792 supponantur
727 3706 883 3792 aequales
899 3708 1031 3776 duobus
1047 3708 1156 3788 rectis,
1167 3721 1300 3779 constat
1309 3712 1465 3798 aequales
