3184 5054
304 420 424 509 magis‚
445 419 518 488 sine
538 420 607 488 ullo
627 429 721 488 certo
740 418 846 488 limite
865 420 1024 488 accedere
1044 421 1087 488 ad
1107 420 1250 488 alteram
1269 440 1403 507 semper

304 529 537 599 continuatam
550 527 628 596 AX.

671 725 961 782 COROLLARIUM
979 725 1033 782 111.

375 863 478 932 Unde
500 864 639 931 tandem
662 863 709 942 fit,
735 874 773 932 ut
795 862 837 932 ab
861 863 918 931 illa
941 862 1010 931 AX
1033 885 1142 950 neque
1165 865 1210 932 ad
1234 863 1402 932 infinitam

305 973 461 1059 ejusdem
479 972 737 1058 productionem
755 972 861 1041 secari
878 972 986 1060 possit
1004 972 1078 1059 ipsa
1096 972 1179 1054 BX;
1196 972 1277 1060 quia
1294 983 1402 1042 caete·

306 1104 383 1150 rum
408 1104 453 1149 ex
478 1084 628 1168 quodam
654 1082 743 1150 illius
771 1082 840 1149 AX
867 1082 957 1150 ultra
983 1082 1191 1168 praedictam
1218 1081 1402 1154 sectionem

304 1202 430 1278 puncto
453 1191 594 1279 intelligi
617 1202 731 1277 posset
753 1191 901 1259 demissa
923 1193 967 1259 ad
990 1191 1054 1258 AB
1077 1194 1278 1278 productam
1301 1213 1402 1278 quae-

305 1303 385 1368 dam
401 1300 687 1386 perpendicularis
704 1302 773 1368 ΖΜ
783 1323 791 1380 ;
808 1302 898 1368 unde
915 1322 1051 1369 rursum
1069 1301 1173 1379 lieret,
1191 1312 1229 1370 ut
1246 1301 1320 1388 ipsa
1337 1302 1401 1368 ΒΧ

311 1411 449 1497 (contra
473 1420 685 1496 praesentem
710 1409 944 1496 hypothesim)
974 1432 1043 1478 non
1068 1410 1112 1478 ad
1138 1410 1316 1489 infinitam,
1342 1411 1402 1478 sed

305 1518 445 1587 omnino
464 1521 509 1587 ad
528 1518 661 1587 finitam
681 1519 878 1587 distantiam
897 1530 1089 1587 occurreret
1109 1519 1300 1605 praedictae
1322 1519 1399 1587 AX.

307 1630 375 1698 Sed
391 1630 455 1696 hoc
470 1639 680 1714 postremum
696 1628 824 1697 dictum
840 1628 884 1695 sit
900 1627 989 1696 ultra
1005 1629 1248 1696 necessitatem.
1271 1624 1329 1693 [57]

660 1848 902 1907 PROPOSITIO
921 1850 1046 1907 XXVII.

305 1983 346 2052 Si
362 1995 455 2052 recta
470 1984 541 2052 AX
565 1986 640 2073 (fip.
661 1986 737 2073 32.)
760 1988 823 2055 snb
841 1987 966 2074 aliquo,
985 1988 1132 2069 utlibet,
1150 1999 1257 2076 parvo
1275 1990 1401 2075 anania

397 2094 519 2163 educta
534 2116 578 2163 ex
592 2105 717 2182 puncta
733 2095 765 2162 Α
783 2095 890 2182 ipsius
903 2097 980 2178 ΑΒ,
999 2119 1175 2166 accurrere
1192 2099 1329 2166 tandem
1346 2101 1402 2166 de·

397 2203 474 2272 beat
496 2205 635 2291 (saltem
652 2207 696 2275 ad
712 2205 880 2292 infinitam
898 2206 1114 2293 distantiam)
1138 2206 1246 2275 cnivis
1261 2212 1402 2295 perpen-

398 2311 541 2382 diculari
559 2314 636 2395 ΒΧ,
657 2337 743 2400 quae
763 2317 808 2382 ad
827 2315 1080 2402 petandamIibet
1099 2318 1141 2385 ab
1162 2339 1201 2385 ea
1222 2328 1347 2404 puncto
1367 2318 1399 2384 Α

398 2420 594 2490 distantiam
623 2423 765 2491 excitari
802 2424 1013 2511 inteilipatur
1038 2436 1141 2511 snper
1167 2448 1207 2494 ea
1233 2425 1402 2495 incidente

396 2531 480 2600 AB:
501 2532 589 2600 Dico
610 2534 740 2601 nulium
760 2534 833 2620 jam
852 2534 1064 2621 sorciacum
1086 2535 1266 2622 hypothesi
1285 2536 1403 2623 unpnli

397 2639 496 2708 acuti.

375 2799 647 2870 Demonstratur.
690 2803 746 2869 Ex
762 2804 910 2887 quodam
926 2814 1051 2888 puncto
1068 2805 1102 2872 K
1118 2826 1224 2892 prope
1239 2817 1401 2892 punctum
1532 2829 1534 2832 ⁴

306 2907 349 2986 A,
368 2909 412 2977 ad
430 2909 562 2978 libitum
580 2910 615 2978 in
633 2911 706 2996 ipsa
724 2911 787 2979 AB
806 2911 993 3000 designata,
1013 2912 1165 3000 erigatur
1182 2916 1226 2983 ad
1245 2915 1309 2983 AB
1327 2937 1401 3003 per-

305 3017 531 3102 pendicularis
555 3019 629 3098 KL,
654 3042 739 3106 quae
763 3021 878 3106 utique
908 3022 971 3107 (ex
995 3023 1073 3091 Cor.
1099 3021 1145 3089 11.
1170 3025 1401 3110 praecedentis

307 3127 574 3213 Propositionis)
598 3140 752 3198 occurret
771 3129 833 3216 ipsi
854 3130 922 3198 AX
941 3130 985 3199 ad
1004 3131 1144 3210 finitam,
1165 3154 1224 3201 seu
1241 3135 1400 3202 termina-
