3184 5054
281 435 438 521 opposito
459 435 535 522 (qui
551 446 631 504 tunc
648 435 762 522 fieret)
783 435 898 515 AHG‚
916 435 988 505 sive
1004 433 1117 507 GHA.
1159 435 1279 522 Itaque
1294 434 1379 503 bene

282 545 443 631 supposui
464 545 553 614 latus
573 546 638 613 DF
657 545 758 614 unius
777 545 940 634 trianguli
959 545 1073 615 minus
1095 545 1173 614 iore
1191 544 1296 614 latere
1316 541 1380 612 AC

282 654 421 723 alterius
442 653 615 742 trianguli,
639 654 740 740 juxta
762 655 977 742 hypothesim
999 655 1073 742 jam
1094 653 1287 722 stabilitam

352 764 469 852 Quare
488 786 533 831 ex
553 765 685 832 duobus
706 763 880 851 quibusvis
902 762 1047 832 invicem
1067 763 1301 851 aequiangulis
1320 763 1381 831 tri-

283 872 428 960 angulis,
459 874 518 941 sed
548 895 618 941 non
647 873 750 942 etiam
781 872 925 941 invicem
955 873 1180 960 aequilateris,
1212 873 1381 942 stabilitur

285 982 554 1050 Pronunciatum
574 982 806 1050 Euclidaeum.
853 983 957 1070 Quod
978 982 1224 1052 intendebatur.

697 1221 900 1278 SCHOLION
919 1222 970 1279 1v.

285 1365 329 1432 In
350 1387 417 1453 quo
442 1365 626 1452 exponitur
646 1367 801 1454 fipxroiis
823 1369 989 1454 quaedam
1014 1367 1188 1450 exhibitio,
1213 1370 1258 1437 od
1281 1390 1381 1455 quom

411 1474 564 1562 fortasse
593 1475 743 1562 respexit
772 1475 944 1558 Euclides,
976 1488 1015 1546 ut
1044 1500 1143 1546 suum
1174 1477 1259 1546 illud

462 1581 464 1586 ’
535 1584 805 1654 Pronuntiatum
831 1596 992 1674 tanquam
1014 1598 1136 1674 perse

672 1705 791 1763 notum
823 1695 1000 1766 stabiliret.

359 1852 547 1920 Praemitto
574 1853 703 1939 primo:
733 1853 796 1921 sub
824 1854 974 1940 quolibet
1001 1857 1128 1943 angulo
1156 1867 1256 1925 acuto
1285 1853 1385 1924 BAX

295 1962 424 2048 (recole
442 1983 487 2030 ex
504 1962 568 2030 hac
587 1962 670 2031 Tab.
692 1962 766 2050 Fig.
790 1962 864 2049 12.)
889 1965 986 2032 educi
1005 1986 1104 2051 posse
1123 1988 1168 2033 ex
1187 1965 1301 2052 aliquo
1324 1961 1382 2030 [42]

289 2080 414 2156 puncto
435 2069 469 2138 X
490 2070 595 2157 ipsius
616 2070 685 2139 AX
706 2073 878 2159 quandam
899 2071 974 2153 XB,
997 2096 1083 2160 quae
1104 2075 1167 2143 sub
1187 2075 1308 2161 quovis
1330 2077 1386 2143 de-

290 2179 425 2268 signato
450 2181 582 2249 etiamsi
607 2180 730 2249 obtuso
754 2182 880 2268 angulo
905 2183 947 2263 R,
974 2184 1031 2270 qui
1057 2183 1219 2254 nimirum
1244 2207 1322 2253 cum
1346 2206 1387 2252 eo

290 2301 391 2357 acuto
413 2289 513 2356 BAX
536 2290 671 2359 deficiat
692 2312 714 2358 a
736 2291 868 2359 duobus
892 2292 1009 2373 rectis;
1031 2294 1212 2378 quandam,
1237 2294 1385 2382 inquam,

290 2397 387 2467 educi
406 2420 505 2486 posse
523 2399 599 2478 XB,
618 2422 705 2487 quae
722 2402 765 2469 ad
785 2400 916 2469 finitam
934 2401 1132 2470 distantiam
1150 2415 1307 2472 occurrat
1324 2403 1387 2490 ipsi

291 2507 356 2576 AB
379 2508 414 2575 in
437 2509 586 2596 quodam
608 2520 734 2596 puncto
758 2510 796 2576 B.
845 2510 938 2579 Nam
960 2509 996 2579 id
1019 2511 1130 2598 ipsum
1153 2512 1226 2598 jam
1250 2514 1389 2582 demon·
1527 2507 1530 2513 '

292 2617 398 2687 stravi
418 2618 454 2686 in
476 2618 614 2688 Scholio
633 2630 710 2705 post
730 2618 832 2686 XIII.
853 2619 967 2706 hujus.

363 2728 552 2797 Praemitto
573 2729 740 2797 secundo:
764 2750 821 2796 eas
845 2727 919 2808 AB,
944 2730 1013 2797 AX
1042 2730 1117 2818 (fig.
1142 2729 1220 2818 25.)
1248 2731 1389 2820 intelligi

293 2858 392 2923 posse
416 2837 451 2905 in
475 2837 646 2905 infinitum
669 2848 859 2925 protractas
883 2859 990 2924 usque
1014 2839 1050 2906 in
1066 2843 1242 2927 ,quaedam
1266 2853 1391 2928 puncta

293 2947 337 3026 Y,
353 2957 387 3014 et
400 2947 445 3027 Z;
459 2957 561 3032 atque
575 2946 656 3016 item
671 2946 878 3033 praedictam
893 2947 958 3015 XB
979 2948 1034 3035 (in
1049 2947 1220 3018 infinitum
1234 2961 1268 3021 'et
1283 2952 1392 3039 ipsam

293 3066 501 3142 protractam
517 3078 623 3143 usque
639 3056 674 3123 in
690 3057 863 3142 quoddam
879 3067 1042 3143 punctum
1057 3058 1111 3144 Y)
1133 3059 1275 3148 intelligi
1291 3083 1391 3147 posse
