3184 5054
295 488 342 556 ita
355 485 486 554 moveri
501 506 602 572 super
616 507 657 552 ea
670 483 731 550 ΑΖ
747 504 865 552 versus
880 493 993 568 partes
1009 480 1124 568 puncti
1139 481 1177 558 Z,
1193 490 1231 548 ut
1245 478 1390 567 angulus

294 597 338 664 ad
362 607 524 682 punctum
548 595 582 662 X
607 615 725 662 versus
749 604 862 679 partes
886 591 1001 678 puncti
1026 590 1060 657 A
1084 589 1234 675 aequalis
1259 608 1392 674 semper

295 707 339 773 sit
352 707 434 774 dato
448 703 556 772 cuivis
570 705 692 771 obtuso
706 703 834 790 angulo
848 701 889 768 R.

365 813 553 881 Praemitto
567 812 687 880 tertio:
702 812 785 880 nulli
802 812 875 897 jam
890 809 1093 879 dubitationi
1109 808 1297 878 obnoxium
1315 808 1393 875 iore

295 923 378 991 illud
403 922 671 990 Pronunciatum
695 920 927 998 Euclidaeum,
952 920 981 986 si
1005 919 1175 988 antedicta
1198 917 1269 985 ΧΥ
1292 917 1327 984 ἱη
1350 939 1392 984 eo

295 1044 554 1118 quantocunque
579 1042 675 1098 motu
701 1052 801 1116 super
827 1041 917 1097 recta
942 1029 1003 1096 ΑΖ
1028 1039 1117 1096 secet
1141 1049 1275 1113 semper
1300 1027 1391 1094 illam

296 1142 365 1209 AY
386 1142 421 1208 in
441 1140 643 1228 quibusdam
665 1141 797 1225 punctis
820 1140 858 1217 Β,
883 1140 930 1216 Η,
954 1140 997 1216 D,
1022 1140 1060 1216 P,
1084 1148 1185 1223 atque
1207 1137 1255 1204 ita
1276 1157 1392 1203 conse·

295 1262 436 1337 quenter
451 1251 486 1317 in
499 1250 575 1318 aliis
589 1249 722 1336 punctis
736 1247 974 1317 remotioribus
988 1248 1032 1316 ab
1045 1270 1087 1316 eo
1100 1259 1227 1334 puncto
1241 1247 1284 1314 A.
1324 1246 1392 1314 Ra·

295 1360 345 1429 tio
366 1360 505 1428 evidens
527 1369 596 1440 est;
618 1359 698 1444 quia
721 1359 769 1425 sic
791 1359 878 1426 duae
900 1357 1068 1444 quaelibet
1091 1356 1125 1424 in
1148 1357 1269 1425 eodem
1291 1356 1392 1442 plano

295 1469 479 1537 existentes
494 1479 605 1537 rectae
619 1468 692 1545 ΑΒ,
708 1468 791 1546 ΧΗ,
807 1467 842 1534 in
856 1488 940 1554 quas
956 1477 1046 1536 recta
1060 1465 1227 1552 quaelibet
1242 1464 1392 1534 incidens

297 1577 365 1646 AX
382 1580 469 1647 duos
486 1579 531 1646 ad
547 1579 684 1646 easdem
701 1587 814 1664 partes
831 1577 974 1663 angulos
993 1575 1103 1654 BAX,
1123 1575 1241 1653 HXA‚
1261 1575 1392 1644 duobus

297 1687 396 1756 rectis
421 1687 571 1756 minores
596 1686 728 1764 efficiat,
756 1685 936 1754 convenire
961 1688 1101 1753 tandem
1126 1686 1170 1753 ad
1196 1706 1254 1752 eas
1280 1694 1393 1771 partes

296 1797 457 1865 deberent
479 1797 514 1863 in
536 1818 605 1864 uno
627 1798 812 1880 eodemque
835 1806 960 1880 puncto
983 1795 1029 1862 H.

367 1905 555 1974 Praemitto
577 1916 717 1992 quarto:
742 1905 824 1973 nulli
849 1904 930 1972 ite'm
953 1903 1156 1972 dubitationi
1179 1904 1292 1973 locum
1317 1903 1393 1970 iore

296 2037 397 2101 super
412 2015 555 2084 veritate
569 2015 800 2100 praecedentis
817 2013 1022 2100 hypothetici
1039 2012 1222 2099 assumpti;
1238 2013 1266 2080 si
1283 2024 1394 2099 poste-

298 2125 405 2192 riores
426 2124 473 2191 illi
493 2124 625 2199 externi
646 2124 762 2211 anguli
783 2123 901 2201 YHD‚
923 2123 1033 2201 YDP,
1055 2123 1156 2192 etsie
1176 2123 1233 2191 alii
1255 2122 1394 2208 quilibet

297 2244 549 2320 consequentes,
568 2243 627 2301 aut
644 2233 800 2318 aequales
818 2254 950 2319 semper
966 2232 1033 2300 sint
1050 2233 1157 2318 priori
1174 2243 1317 2301 externo
1335 2254 1394 2299 an-

297 2344 379 2430 gulo
397 2343 508 2421 YBD,
527 2353 586 2410 aut
605 2342 724 2409 saltem
742 2364 810 2409 non
831 2342 878 2409 ita
895 2342 1045 2408 minores
1064 2363 1196 2427 semper
1215 2341 1292 2420 sint,
1313 2341 1393 2428 quin

297 2473 416 2520 eorum
430 2451 661 2538 unusquisque
674 2450 789 2538 major
803 2472 935 2537 semper
949 2451 992 2519 sit
1006 2451 1149 2537 parvulo
1163 2451 1324 2538 quopiam
1338 2450 1394 2519 de-

297 2562 433 2650 signato
459 2572 558 2630 acuto
584 2561 711 2648 angulo
736 2561 787 2629 K:
814 2562 894 2628 Hoc
919 2561 1009 2629 enim
1036 2571 1145 2629 stante
1170 2560 1395 2629 manifestum

299 2671 365 2751 fiet,
388 2672 479 2757 quod
499 2694 539 2740 ea
559 2671 639 2750 XY,
661 2671 696 2748 in
717 2693 779 2739 suo
800 2671 858 2738 illo
879 2681 1139 2758 quantocunque
1159 2681 1255 2739 motu
1275 2691 1394 2739 versus

298 2791 411 2866 partes
426 2780 540 2867 puncti
556 2781 593 2860 Z,
610 2801 785 2866 nunquam
799 2780 942 2848 cessabit
958 2801 1072 2848 secare
1086 2779 1293 2867 praedictam
1309 2780 1394 2859 AY;

298 2892 390 2976 quod
408 2889 524 2976 utique
548 2890 611 2977 (ex
628 2893 849 2977 praecedente
867 2888 1004 2974 notato)
1029 2889 1111 2957 satis
1129 2899 1180 2957 est
1198 2890 1242 2957 ad
1261 2886 1391 2957 sta-[⁴³]

299 2999 483 3068 biliendum
510 2998 777 3067 Pronunciatum
802 3005 1068 3067 controversum.

369 3108 479 3176 Unice
505 3108 609 3195 igitur
634 3119 796 3194 superest,
824 3119 861 3175 ut
886 3107 1024 3193 quidam
1051 3108 1280 3178 Adversarius
1305 3110 1395 3177 dicat

299 3218 443 3304 angulos
463 3217 538 3284 illos
559 3229 719 3284 externos
738 3217 774 3284 in
793 3217 936 3303 majore,
958 3238 998 3285 ac
1017 3217 1151 3304 majore
1171 3218 1333 3287 distantia
1353 3217 1396 3286 ab

300 3327 358 3394 ilio
377 3337 503 3412 puncto
523 3325 555 3392 Α
575 3326 647 3393 fieri
668 3347 800 3411 semper
819 3325 968 3393 minores
989 3327 1062 3394 sine
1081 3325 1150 3395 ulio
1171 3327 1395 3395 determinato

300 3435 415 3502 limite.
456 3434 540 3503 Inde
556 3446 669 3503 autem
686 3435 752 3512 fiet,
769 3447 806 3503 ut
823 3435 880 3503 illa
895 3435 965 3504 XY
981 3436 1016 3503 in
1032 3458 1094 3505 suo
1110 3435 1168 3504 ilio
1183 3448 1279 3504 motu
1295 3458 1396 3522 super

301 3556 392 3614 recta
416 3545 477 3611 ΑΖ
501 3566 678 3612 occurrere
701 3547 840 3612 tandem
864 3546 983 3613 debeat
1008 3544 1071 3632 ipsi
1097 3546 1166 3613 AY
1189 3545 1223 3613 in
1247 3547 1395 3632 quodam

301 3665 426 3740 puncto
452 3655 481 3721 P
505 3654 577 3722 sine
601 3654 671 3722 ulio
694 3655 822 3741 angulo
845 3676 922 3728 cum
947 3665 1122 3741 segmento
1148 3654 1222 3734 ΡΥ,
1247 3656 1334 3725 adeo
1358 3667 1396 3725 ut

300 3785 420 3849 nempe
440 3775 652 3851 segmentum
672 3763 842 3851 ejusmodi
863 3783 1042 3832 commune
1061 3764 1105 3832 sit
1125 3765 1270 3834 duarum
1291 3776 1396 3835 recta-
