3184 5054
341 430 447 497 libens
472 428 642 516 pennitt0‚
668 428 760 514 quod
785 425 951 512 postulat;
977 445 1054 491 cum
1081 422 1171 491 istud
1197 420 1318 507 ipsum,
1346 419 1437 506 quod

341 539 449 608 abeo
473 538 779 608 indemonstratum
804 534 1015 621 relinquitur,
1040 531 1182 620 intelligi
1208 529 1316 617 possit
1335 549 1438 597 exac-

341 647 470 715 tissime
489 669 509 714 a
527 668 582 713 me
601 647 871 714 demonstratum
890 643 924 710 in
943 643 1022 711 Cor.
1043 640 1089 708 II.
1109 651 1187 727 post
1206 641 1237 710 3.
1257 638 1371 724 hujus.

411 757 569 825 Alterum
589 753 813 822 Nassaradini
835 752 1051 820 Postulatum
1069 761 1121 818 est
1141 749 1351 835 reciprocum
1371 745 1438 834 pri·

340 865 406 946 mi;
421 877 458 934 ut
472 886 592 952 nempe
607 874 726 932 acutus
741 883 874 948 semper
888 861 932 928 sit
946 860 1092 948 angulus
1107 879 1226 927 versus
1241 879 1298 925 eas
1314 867 1437 943 partes,

345 970 403 1036 [39]
424 977 468 1042 ad
485 994 569 1059 quas
585 973 658 1059 jam
676 972 785 1040 dictae
802 970 1096 1058 perpendiculares
1112 978 1349 1054 supponantur
1366 965 1437 1034 fieri

343 1105 475 1170 semper
495 1083 685 1163 breviores;
706 1081 847 1150 obtusus
868 1091 982 1148 autem
1003 1100 1122 1147 versus
1143 1077 1234 1154 alias¹
1249 1087 1371 1162 partes,
1394 1076 1438 1143 ad

342 1214 426 1278 quas
440 1195 578 1260 eaedem
592 1191 885 1278 perpendiculares
901 1199 1135 1276 supponantur
1149 1188 1293 1255 evadere
1308 1206 1440 1271 semper

249 1367 250 1380 ,
343 1302 523 1388 longiores.

412 1411 544 1479 Verum
570 1411 624 1477 hic
649 1411 730 1478 latet
757 1409 999 1495 aequivocatio.
1051 1407 1123 1476 Cur
1147 1406 1238 1474 enim
1270 1407 1372 1492 (dum
1398 1403 1441 1472 ab

344 1543 411 1588 una
433 1520 547 1605 aliqua
568 1531 695 1588 statuta
716 1531 879 1604 tanquam
901 1519 1011 1604 prima
1033 1515 1301 1603 perpendiculari
1324 1535 1440 1601 proce-

344 1625 446 1698 datur
466 1631 510 1697 ad
532 1629 634 1714 alias)
662 1627 940 1714 consequentium
962 1625 1290 1713 perpendicularium
1312 1622 1439 1711 anguli,

344 1742 388 1806 ad
408 1739 551 1806 eandem
571 1748 702 1824 partem
723 1737 822 1816 acuti,
844 1758 913 1804 non
934 1736 1017 1804 fiant
1038 1756 1170 1821 semper
1189 1734 1351 1821 majores,
1372 1753 1442 1819 quo

344 1869 451 1933 usque
477 1847 647 1915 incidatur
671 1847 706 1914 in
733 1847 896 1934 angulum
923 1856 1061 1924 rectum,
1089 1843 1252 1911 nimirum
1277 1844 1313 1910 in
1338 1842 1441 1910 talem

345 1956 666 2044 perpendicularem,
696 1978 784 2041 quae
812 1956 885 2042 ipsa
915 1955 958 2023 sit
987 1955 1162 2040 utriusque
1192 1952 1442 2039 praedictarum

346 2077 515 2134 rectarum
535 2087 713 2133 commune
734 2065 1033 2150 perpendiculum?
1077 2063 1122 2131 Et
1143 2064 1234 2131 istud
1255 2062 1392 2149 quidem
1413 2060 1441 2127 si

345 2175 485 2254 accidat,
507 2175 677 2242 evanescit
696 2174 864 2242 latebrosa
885 2173 950 2242 ista
970 2172 1195 2240 Nassaradini
1216 2170 1440 2257 praeparatio,

346 2294 526 2370 postquam
540 2284 714 2371 ingeniose
729 2283 875 2369 quidem,
893 2284 953 2350 sed·
966 2304 1092 2370 magno
1107 2304 1184 2349 cum
1198 2281 1313 2348 labore
1328 2279 1442 2348 Eucli-

346 2396 469 2461 daeum
490 2393 758 2461 Pronunciatum
779 2394 998 2460 demonstrat.

415 2502 519 2590 Quod
542 2503 569 2569 si
594 2501 847 2571 Nassaradinus
870 2501 948 2589 jure
970 2503 1119 2587 quodam
1143 2523 1205 2569 suo
1227 2520 1443 2587 praesumere

346 2612 427 2680 velit
439 2623 603 2698 tanquam
615 2634 676 2699 per
689 2633 724 2679 se
738 2622 855 2679 notam
869 2610 1123 2679 consistentiam
1137 2610 1230 2678 illam
1243 2610 1287 2678 ad
1300 2609 1442 2678 eandem

346 2733 478 2807 partem
493 2722 697 2809 angulomm
712 2732 908 2789 acutorum:
925 2721 997 2789 Cur
1011 2742 1081 2788 non
1096 2719 1199 2788 etiam
1220 2719 1350 2806 (dicam
1366 2740 1443 2787 cum

347 2830 511 2916 Vallisio)
531 2830 661 2916 concipi
675 2840 786 2916 potest
800 2841 962 2916 tanquam
976 2851 1085 2916 perse
1100 2829 1246 2898 clarum:
1262 2829 1360 2896 Duos
1372 2849 1443 2896 rec-

348 2940 449 3007 tasin
462 2941 580 3008 eodem
593 2941 695 3026 plano
710 2950 953 3026 converpentes
972 2939 1027 3026 (in
1040 2960 1124 3026 quas
1137 2960 1258 3024 nempe
1272 2938 1338 3006 alia
1352 2949 1443 3005 recta

348 3049 500 3117 incidens
520 3051 607 3117 duos
629 3050 673 3117 ad
695 3051 831 3117 easdem
852 3060 964 3135 partes
986 3048 1130 3136 angulos
1151 3048 1273 3116 efficiat
1294 3047 1444 3115 minores

348 3159 480 3226 duobus
501 3159 611 3237 rectis,
633 3169 671 3226 ut
692 3169 773 3243 puta
793 3180 900 3226 unum
922 3169 1060 3237 rectum,
1083 3168 1117 3226 et
1136 3157 1282 3226 alterum
1302 3178 1444 3244 quomo-

345 3258 474 3335 dolibet
492 3267 648 3354 acutum)
673 3269 808 3336 tandem
827 3289 1036 3348 occursuras,
1055 3266 1357 3354 siproducoutur?
1375 3266 1444 3334 Ne-

349 3399 413 3462 que
433 3376 524 3444 enim
544 3377 668 3463 opponi
690 3387 809 3462 potest,
831 3379 923 3462 quod
943 3377 1057 3462 major
1078 3376 1143 3444 ista
1162 3378 1207 3444 ad
1227 3398 1312 3445 unas
1332 3387 1445 3463 partes

348 3486 589 3572 convergentia
609 3485 791 3554 subsistere
811 3507 944 3572 semper
961 3486 1068 3571 possit
1089 3487 1179 3554 intra
1199 3487 1368 3573 quendam
1388 3487 1445 3554 de-

349 3595 569 3664 terminatum
590 3595 741 3674 limitem,
765 3597 851 3662 adeo
872 3606 909 3663 ut
931 3617 1050 3681 nempe
1072 3606 1168 3663 tanta
1189 3595 1356 3682 quaedam
1378 3595 1446 3664 dis·

350 3703 458 3772 tantia
484 3704 572 3772 inter
598 3725 654 3772 eas
681 3704 786 3772 lineas
814 3705 858 3772 ad
884 3726 959 3772 eam
985 3715 1117 3791 partem
1144 3726 1276 3791 semper
1302 3704 1444 3783 intersit,

350 3813 482 3882 etiamsi
501 3813 717 3900 caeteroquin
736 3825 803 3882 una
822 3815 865 3881 ad
885 3814 1026 3882 alteram
1045 3835 1177 3899 semper
1195 3814 1335 3900 propius
1353 3835 1446 3882 acce-
