3174 5050
335 416 640 505 superpositionem
658 417 877 505 quadrilateri
896 417 1027 488 ABDC
1044 438 1146 504 super
1163 415 1432 504 quadrilaterum

336 528 479 606 CDXR,
503 527 654 596 adhibita
677 527 848 596 communi
871 527 942 595 basi
967 528 1039 596 CD.
1088 527 1221 594 Deinde
1244 525 1432 614 elegantius

335 637 384 705 sic
399 636 602 724 proceditur.
642 636 838 724 Jungantur
853 636 932 716 AD,
949 637 1025 704 RD.
1068 636 1211 705 Constat
1232 635 1296 722 (ex
1311 645 1432 721 quarta

335 746 456 834 primi)
476 747 633 832 aequales
650 747 726 814 fore
742 745 777 813 in
791 745 971 832 triangulis
987 745 1096 825 ACD,
1113 745 1221 825 RCD,
1238 745 1336 813 bases
1352 743 1431 823 AD,

335 856 413 935 RD,
430 866 531 942 atque
548 855 629 924 item
645 855 788 943 angulos
806 855 915 934 CDA,
933 855 1040 934 CDR,
1058 877 1098 923 ac
1114 865 1293 941 propterea
1310 875 1433 940 aequa-

250 998 255 1011 =
335 965 383 1031 les
412 965 560 1051 reliquos
589 966 633 1033 ad
670 987 777 1034 unum
814 976 953 1043 rectum,
983 964 1146 1034 nimirum
1175 964 1285 1042 ADB,
1316 962 1429 1031 RDX.

336 1075 452 1162 Quare
470 1097 606 1143 rursum
630 1075 694 1161 (ex
711 1076 831 1143 eadem
849 1085 970 1161 quarta
988 1073 1108 1160 primi)
1133 1073 1282 1161 aequalis
1301 1073 1375 1151 erit,
1396 1073 1432 1140 in

335 1183 515 1271 triangulis
536 1184 646 1264 ADB,
669 1184 782 1263 RDX,
804 1184 895 1252 basis
916 1183 990 1263 AB,
1012 1183 1084 1251 basi
1106 1184 1184 1251 RX.
1230 1183 1342 1271 Igitur
1369 1182 1432 1269 (ex

334 1294 574 1380 praecedente)
597 1293 712 1380 anguli
729 1295 773 1362 ad
790 1293 944 1380 junctam
961 1293 1029 1361 RX
1046 1304 1146 1362 erunt
1163 1293 1255 1372 recti,
1274 1315 1314 1361 ac
1330 1313 1431 1380 prop-

335 1413 427 1471 terea
446 1403 663 1489 persistemus
683 1403 718 1471 in
737 1404 856 1471 eadem
874 1403 1053 1489 hypothesi
1073 1401 1188 1489 anguli
1209 1402 1301 1470 recti.

404 1510 578 1600 Quoniam
599 1534 682 1581 vero
705 1512 822 1599 augeri
846 1511 1001 1580 similiter
1022 1523 1133 1598 potest
1155 1510 1335 1600 longitudo
1356 1534 1431 1599 per·

334 1621 592 1709 pendiculorum
615 1621 650 1689 in
674 1621 854 1700 infinitum,
880 1622 942 1690 sub
965 1622 1084 1690 eadem
1107 1621 1179 1690 basi
1204 1621 1278 1700 AB,
1304 1619 1431 1689 consis-

334 1741 425 1799 tente
447 1751 580 1818 semper
600 1731 778 1818 hypothesi
801 1731 916 1817 anguli
939 1730 1031 1810 recti,
1055 1731 1359 1800 demonstrandum
1380 1741 1431 1799 est

335 1842 477 1909 eandem
499 1840 714 1927 hypothesim
738 1862 871 1927 semper
893 1862 1090 1909 mansuram
1114 1840 1149 1909 in
1173 1862 1254 1909 casu
1277 1840 1431 1927 cujusvis

334 1949 581 2018 imminutionis
606 1952 792 2019 eorundem
817 1950 1151 2037 perpendiculorum;
1177 1950 1268 2035 quod
1294 1949 1431 2036 quidem

335 2058 383 2127 ita
399 2059 574 2128 evincitur.
599 2055 640 2124 [7]

406 2169 593 2238 Sumantur
613 2168 647 2236 in
668 2170 745 2248 AR,
766 2180 800 2238 et
820 2169 884 2236 ΒΧ
906 2171 975 2238 duo
995 2169 1162 2255 quaelibet
1182 2169 1336 2256 aequalia
1356 2192 1430 2256 per·

334 2278 511 2365 pendicula
528 2279 602 2358 AL,
622 2279 698 2358 BK,
716 2279 948 2366 jungaturque
963 2279 1040 2346 LK.
1084 2279 1121 2348 Si
1139 2280 1254 2367 anguli
1272 2281 1317 2348 ad
1333 2279 1430 2366 junc-

333 2400 405 2457 tam
420 2389 487 2456 LK
502 2387 584 2456 recti
599 2410 669 2457 non
685 2388 762 2467 sint,
779 2399 878 2456 erunt
893 2399 1008 2456 tamen
1030 2389 1093 2475 (ex
1108 2389 1218 2475 prima
1234 2388 1359 2476 hujus)
1380 2389 1431 2456 in-

333 2497 442 2566 vicem
461 2498 625 2584 aequales
671 2498 782 2566 Erunt
801 2497 968 2586 igiturex
987 2521 1055 2567 una
1073 2508 1178 2584 parte,
1199 2510 1237 2567 ut
1255 2508 1337 2585 puta
1355 2520 1429 2567 ver·

334 2629 392 2676 sus
415 2607 479 2674 AB
503 2607 625 2684 obtusi,
649 2619 683 2676 et
705 2629 824 2676 versus
848 2607 916 2675 RX
940 2608 1040 2687 acuti,
1065 2618 1104 2676 ut
1127 2607 1289 2677 nimirum
1313 2609 1429 2696 anguli

334 2716 412 2785 hinc
435 2716 513 2785 inde
536 2718 580 2785 ad
602 2728 772 2803 utrunque
795 2717 932 2786 illorum
955 2728 1158 2804 punctorum
1182 2719 1338 2805 aequales
1362 2717 1431 2787 sint

340 2826 403 2912 (ex
427 2826 659 2896 decimatertia
682 2825 802 2913 primi)
832 2828 964 2896 duobus
989 2827 1097 2895 rectis.
1148 2827 1292 2896 Constat
1316 2838 1429 2897 autem

334 2936 487 3022 aequalia
510 2935 613 3004 etiam
636 2935 780 3004 invicem
803 2959 876 3004 esse
898 2936 1137 3023 perpendicula
1159 2937 1233 3016 LR,
1259 2937 1340 3017 KX,
1365 2936 1429 3024 ipsi

334 3045 401 3113 RX
421 3044 619 3114 insistentia.
664 3045 776 3133 Igitur
800 3047 863 3133 (ex
881 3044 981 3115 tertia
1000 3045 1125 3133 hujus)
1149 3046 1213 3115 erit
1230 3047 1297 3115 LK
1315 3046 1430 3133 major

333 3154 471 3241 quidem
489 3154 719 3242 contraposita
738 3156 815 3235 RX,
836 3168 868 3225 et
886 3154 1000 3224 minor
1018 3155 1248 3242 contraposita
1267 3156 1341 3224 AB.

403 3265 483 3332 Hoc
503 3276 618 3333 autem
639 3266 824 3334 absurdum
846 3276 913 3346 est;
934 3287 1012 3333 cum
1032 3265 1107 3344 AB,
1130 3276 1163 3334 et
1185 3266 1252 3333 RX
1274 3278 1429 3335 ostensae

334 3373 402 3442 sint
430 3374 595 3460 aequales.
651 3375 732 3443 Non
761 3396 844 3462 ergo
873 3374 1060 3443 mutabitur
1088 3375 1284 3462 hypothesis
1313 3375 1428 3463 anguli

334 3484 415 3552 recti
438 3486 501 3552 sub
520 3506 718 3570 quacunque
740 3484 975 3552 imminutione
997 3484 1324 3571 perpendiculorum,
1348 3487 1429 3555 dum

333 3593 497 3662 consistat
516 3595 617 3661 semel
637 3594 748 3681 posita
766 3593 857 3662 basis
875 3593 949 3661 AB.

405 3705 473 3773 Sed
496 3726 604 3790 neque
629 3703 864 3772 immutabitur
887 3704 1083 3790 hypothesis
1108 3704 1223 3790 anguli
1249 3704 1340 3784 recti,
1367 3705 1430 3775 sub

334 3835 532 3899 quacunque
559 3813 805 3892 imminutione,
834 3824 892 3882 aut
919 3812 1045 3900 majori
1073 3814 1294 3900 amplitudine
1321 3815 1429 3896 basis;

334 3946 410 3992 cum
432 3924 655 3992 manifestum
678 3923 721 3992 sit
743 3922 951 3991 considerari
974 3945 1072 4010 posse
1095 3934 1132 3992 ut
1153 3923 1263 3992 basim
1285 3925 1429 4012 quodvis
