3174 5050
315 508 431 596 anguli
454 507 543 577 acuti
567 507 683 586 DAP;
704 505 936 593 jungaturque
959 504 1044 572 DM.
1092 501 1282 573 Ostendere
1304 499 1411 568 debeo

315 618 469 704 junctam
488 617 563 685 DM
581 616 755 703 aequalem
776 615 851 682 iore
870 613 933 699 ipsi
953 613 1026 692 DF,
1046 611 1117 680 sive
1137 611 1214 680 DA

386 728 431 795 Et
455 727 568 814 primo
592 725 729 812 quidem
754 724 870 810 nequit
896 724 971 790 DM
996 721 1112 808 major
1137 741 1210 790 esse
1236 719 1309 806 ipsa
1336 719 1408 788 DF.

317 838 498 905 Caeterum
519 836 610 903 enim
632 834 776 922 angulus
799 833 905 900 DMF
926 832 1040 900 minor
1064 831 1155 898 ioret
1182 829 1245 917 (ex
1266 828 1411 897 decima·

316 957 437 1013 octava
454 945 573 1030 primi)
596 944 722 1031 angulo
739 944 803 1010 DF
805 943 855 1022 M,
874 942 945 1010 sive
963 941 1039 1027 ejus
1056 940 1187 1027 aequali
1211 939 1274 1025 (ex
1291 949 1412 1008 octava
1515 959 1518 966 ·

317 1055 431 1140 hujus,
452 1055 486 1122 in
505 1054 682 1140 hypothesi
701 1052 817 1140 anguli
837 1051 938 1138 recti)
961 1049 1088 1138 angulo
1106 1049 1225 1128 XAH,
1245 1048 1317 1117 sive
1334 1047 1412 1134 ejus

317 1166 361 1231 ad
389 1163 550 1231 verticem
578 1162 685 1232 CAD.
740 1162 855 1250 Quare
890 1161 986 1246 (cuin
1014 1158 1130 1246 anguli
1160 1158 1276 1236 CAM,
1306 1157 1412 1226 FMA

318 1284 488 1359 ponantur
508 1273 674 1358 aequales,
698 1283 813 1357 utpote
836 1269 936 1357 recti)
965 1268 1113 1356 reliquus
1134 1268 1280 1356 angulus
1302 1267 1412 1334 DMA

318 1383 432 1469 major
449 1382 540 1450 toret
556 1382 685 1468 reliquo
700 1381 826 1468 angulo
844 1380 962 1446 DAM.
1005 1379 1083 1446 Hoc
1097 1388 1211 1446 autem
1228 1377 1412 1446 absurdtun

318 1503 368 1560 est
391 1492 529 1578 (contra
546 1491 869 1558 decimamoctavam
887 1488 1007 1575 primi)
1031 1488 1059 1555 si
1077 1508 1196 1573 nempe
1215 1488 1290 1554 DM
1309 1507 1413 1572 pona-

319 1613 375 1669 tur
393 1601 508 1686 major
527 1601 601 1687 ipsa
621 1601 694 1677 DF,
715 1600 786 1667 sive
807 1597 883 1665 ΒΑ.

390 1709 458 1780 Sed
475 1732 583 1797 neque
600 1711 664 1777 erit
682 1710 756 1776 DM
773 1708 886 1776 minor
904 1709 977 1794 ipsa
994 1708 1066 1774 DF.
1110 1706 1290 1774 Caeterum
1307 1728 1414 1793 angu-

320 1821 372 1889 lus
396 1820 502 1887 DMF
524 1818 639 1904 major
665 1819 755 1886 foret
785 1818 848 1903 (ex
871 1819 990 1886 eadem
1013 1816 1265 1884 decimaoctava
1288 1814 1409 1901 primi)

319 1930 447 2016 angulo
475 1929 591 2006 DFM,
621 1927 692 1996 sive
720 1928 797 2012 ejus
837 1927 968 2013 aequali
1004 1927 1067 2013 (ex
1094 1925 1267 2011 praedicta
1294 1935 1414 1992 octava

320 2036 434 2125 hujus
454 2038 489 2105 in
508 2037 685 2124 hypothesi
705 2037 820 2123 anguli
840 2036 940 2121 recti)
965 2035 1091 2123 angulo
1110 2034 1228 2114 XAH,
1249 2033 1320 2102 sive
1338 2033 1414 2120 ejus

320 2148 364 2216 ad
391 2148 552 2215 verticem
580 2146 690 2215 ΕΑΒ.
741 2148 857 2233 Quare
885 2166 1030 2222 rursum,
1059 2155 1097 2213 ut
1125 2165 1238 2229 supra,
1267 2144 1415 2230 reliquus

321 2257 465 2344 angulus
479 2253 537 2320 [14]
576 2255 689 2323 DMA
710 2278 779 2322 non
801 2255 925 2341 major,
951 2256 1011 2322 sed
1033 2254 1146 2322 minor
1170 2254 1262 2322 foret
1286 2253 1416 2340 reliquo

321 2367 447 2453 angulo
463 2366 581 2433 DAM.
623 2366 703 2432 Hoc
718 2375 831 2433 autem
847 2365 1033 2432 absurdum
1048 2375 1099 2432 est
1121 2363 1258 2449 (contra
1274 2364 1415 2431 eandem

321 2476 644 2544 decimamoctavam
671 2475 791 2561 primi)
825 2475 853 2540 si
881 2495 1001 2559 nempe
1029 2474 1104 2540 DM
1131 2484 1278 2558 ponatur
1304 2473 1417 2540 minor

323 2587 396 2671 ipsa
413 2586 486 2664 DF,
506 2585 576 2652 sive
595 2584 671 2651 DA.

392 2695 511 2762 Restat
528 2694 641 2782 igitur,
660 2704 698 2762 ut
714 2694 833 2780 juncta
850 2695 925 2761 DM
943 2692 1093 2779 aequalis
1110 2693 1153 2760 sit
1171 2691 1234 2778 ipsi
1253 2693 1327 2770 DF,
1346 2693 1417 2760 sive

324 2804 400 2871 DA.
441 2805 556 2890 Quare
571 2803 605 2869 in
620 2803 792 2889 triangulo
807 2803 915 2869 DAM
932 2803 1088 2888 aequales
1102 2813 1203 2871 erunt
1223 2802 1286 2888 (ex
1300 2802 1418 2888 quinta

323 2912 443 2999 primi)
472 2913 587 3000 anguli
611 2915 654 2980 ad
678 2924 801 2998 puncta
824 2912 867 2990 A,
891 2923 925 2979 et
949 2913 1006 2992 M;
1030 2923 1130 2997 atque
1153 2911 1231 2979 ideo
1254 2911 1289 2979 in
1313 2911 1418 2979 trian-

324 3023 412 3110 gulis
434 3022 543 3100 DBA‚
567 3022 683 3100 DBM,
708 3021 911 3109 rectangulis
932 3021 967 3088 in
989 3021 1028 3098 B,
1052 3021 1208 3107 aequales
1230 3032 1329 3089 erunt
1356 3021 1418 3107 (ex

324 3131 587 3218 vigesimasexta
604 3131 724 3218 primi)
747 3132 843 3199 bases
861 3130 935 3207 AB,
955 3131 1035 3196 ΒΜ.
1080 3131 1182 3217 Quod
1200 3129 1337 3216 quidem
1355 3131 1419 3198 hoc

325 3241 399 3308 loco
418 3241 664 3309 intendebatur.

345 3419 346 3422 ,
394 3350 567 3437 Quoniam
592 3350 696 3436 igitur
725 3351 919 3437 (assumpto
944 3349 978 3416 in
1004 3349 1072 3415 AD
1096 3349 1292 3418 continuata
1317 3350 1420 3419 inter·

326 3460 415 3527 vallo
440 3459 503 3526 AF
527 3460 632 3544 duplo
657 3458 823 3527 intervalli
850 3458 937 3542 AD)
969 3458 1254 3545 perpendicularis
1280 3460 1350 3526 ΡΜ
1376 3461 1420 3527 ad

326 3568 513 3653 subjectam
535 3568 599 3635 ΑΡ
621 3567 766 3636 demissa
787 3567 953 3636 abscindit
973 3591 1017 3636 ex
1038 3567 1102 3634 ΑΡ
1122 3589 1241 3635 versus
1262 3568 1292 3635 P
1312 3568 1421 3636 basim

188 3709 191 3715 ·
327 3678 401 3746 AM
428 3678 567 3763 duplam
594 3678 683 3746 illius
710 3678 784 3756 AB,
814 3699 915 3764 quam
942 3677 1109 3745 abscindit
1134 3677 1421 3763 perpendicularis

327 3787 474 3856 demissa
498 3810 542 3854 ex
567 3798 691 3872 puncto
718 3788 768 3866 D;
792 3786 1016 3855 manifestum
1040 3797 1092 3854 est
1117 3797 1168 3855 tot
1192 3787 1322 3856 vicibus
1347 3787 1421 3856 fieri

327 3918 426 3982 posse
441 3898 528 3964 hanc
544 3897 774 3982 praecedentis
792 3895 959 3963 intervalli
976 3895 1249 3981 duplicationem,
1267 3907 1305 3966 ut
1321 3897 1370 3965 sic
1387 3898 1422 3964 in

328 4006 400 4091 ipsa
420 4006 488 4072 AD
507 4005 703 4074 continuata
722 4005 922 4074 deveniatur
941 4006 985 4074 ad
1004 4007 1177 4091 quoddam
1197 4017 1359 4093 punctum
1379 4009 1421 4086 T,

328 4139 372 4183 ex
393 4137 461 4201 quo
483 4115 767 4201 perpendicularis
790 4113 941 4182 demissa.
959 4117 1002 4182 ad
1025 4115 1257 4184 continuatam
1279 4115 1344 4185 ΑΡ
1365 4116 1423 4186 ab

329 4225 459 4294 scindat
475 4225 645 4312 quandam
660 4223 726 4290 AR
742 4224 909 4309 majorem
927 4223 998 4309 ipsa
1014 4224 1221 4311 quantalibet
1237 4224 1333 4294 finita
1348 4224 1420 4294 ΑΡ.

861 4361 904 4411 46.
