3148 5054
344 454 482 511 novum,
500 442 533 500 et
549 453 677 500 novum
694 432 928 518 occupandum
945 431 1056 499 locum
1074 439 1318 516 pertranseant,
1339 427 1447 514 ipsius

345 565 428 611 vero
453 542 591 609 ADDX
618 553 742 627 puncta
767 541 882 609 omnia
907 541 1010 608 etiam
1035 539 1236 608 intermedia
1262 539 1298 606 in
1323 539 1447 606 eodem

346 653 421 720 loco
445 652 636 737 persistant.
688 651 768 718 Non
793 650 899 738 igitur
924 650 995 717 fieri
1022 660 1141 736 potest,
1168 660 1206 717 ut
1229 650 1318 717 duae
1344 648 1447 734 juxta

345 761 565 848 praemissam
585 761 842 848 intelligentiam
861 771 970 827 rectae
989 760 1106 836 lineae,
1126 758 1273 844 spatium
1292 779 1448 843 compre-

346 872 504 938 hendant.
549 871 653 958 Quod
672 881 745 937 erat
763 869 985 955 propositum.
1011 865 1068 931 l72l

727 1067 1017 1124 COROLLARIUM
1041 1068 1062 1122 Ι.

416 1195 509 1263 Hinc
525 1217 628 1281 porro
645 1197 796 1282 sequitur
813 1195 946 1264 admitti
963 1208 1120 1282 oportere
1136 1195 1345 1281 postulatum
1361 1195 1448 1262 illud

348 1305 587 1373 Euclidaeum:
604 1307 695 1392 quod
711 1329 733 1374 α
748 1307 828 1374 dato
844 1315 968 1392 puncto
986 1307 1029 1373 ad
1045 1305 1219 1392 quodlibet
1234 1303 1448 1390 assiqnatum

346 1424 507 1500 punctum
526 1424 651 1483 rectam
671 1414 794 1483 lineam
813 1417 936 1483 ducere
954 1415 1060 1483 liceat.
1106 1416 1198 1482 Nam
1216 1416 1305 1483 clare
1323 1414 1449 1481 intelli-

347 1523 448 1611 gitur,
466 1526 551 1593 duas
567 1547 700 1612 semper
714 1525 786 1592 sine
802 1526 872 1593 ullo
888 1536 981 1592 certo
996 1526 1103 1592 limite
1119 1526 1195 1593 duci
1213 1546 1312 1610 posse
1327 1524 1447 1602 lineas,

347 1633 527 1719 praedictis
546 1635 679 1720 punctis
698 1635 741 1714 A,
761 1646 795 1702 et
813 1635 847 1701 X
865 1635 1075 1712 terminatas,
1095 1657 1181 1720 quae
1200 1618 1376 1720 propiores
1397 1634 1449 1699 in-

347 1744 456 1810 vicem
485 1743 577 1822 fiant,
606 1744 786 1829 minusque
814 1743 941 1813 idcirco
970 1745 1117 1829 spatium
1146 1745 1447 1829 comprehendant,

348 1853 430 1921 dum
445 1853 571 1921 scilicet
586 1875 653 1922 una
669 1854 807 1939 quidem
823 1855 967 1922 ducatur
983 1856 1026 1922 ad
1043 1854 1174 1920 laevam
1191 1864 1331 1940 partem,
1349 1864 1382 1920 et
1400 1853 1449 1920 al-

348 1973 421 2030 tera
443 1963 628 2031 uniformis
651 1964 694 2031 ad
717 1964 904 2041 dexteram,
929 1963 1000 2030 sive
1023 1985 1092 2031 una
1113 1984 1259 2041 sursum,
1283 1973 1317 2030 et
1340 1963 1449 2030 altera

348 2072 526 2152 deorsum;
543 2071 630 2150 duci,
650 2073 799 2158 inquam,
817 2094 916 2157 posse
933 2073 1039 2139 lineas
1057 2073 1227 2158 ejusmodi
1246 2094 1378 2158 semper
1397 2072 1450 2137 in-

348 2180 456 2248 vicem
471 2181 542 2248 sine
557 2181 627 2250 ullo
642 2193 735 2249 certo
750 2181 856 2249 limite
870 2182 1056 2268 propiores,
1073 2204 1159 2268 quae
1174 2181 1290 2268 utique
1305 2182 1449 2249 omnino

348 2289 540 2359 uniformes
556 2291 645 2358 inter
658 2313 694 2358 se
710 2291 787 2370 sint,
805 2291 935 2377 sibique
951 2291 1096 2358 invicem
1111 2291 1237 2358 idcirco
1254 2292 1447 2370 succedant,

349 2401 432 2467 dum
449 2399 538 2467 circa
557 2401 698 2467 immota
715 2412 868 2468 extrema
885 2411 1010 2486 puncta
1029 2401 1071 2478 A,
1091 2411 1124 2468 et
1142 2401 1186 2478 X,
1206 2400 1335 2467 revolvi
1354 2399 1449 2486 ipsae

349 2508 589 2596 intelligantur.
635 2509 720 2577 Inde
739 2521 853 2577 autem
873 2509 962 2578 clare
982 2509 1100 2578 itidem
1119 2509 1329 2597 intelligitur,
1351 2509 1448 2595 sequi

349 2619 486 2686 tandem
503 2619 625 2686 debere
649 2619 703 2704 (in
721 2641 853 2704 semper
870 2619 1004 2705 majore
1022 2620 1143 2688 harum
1161 2619 1389 2688 uniformium
1408 2620 1449 2685 li·

348 2749 500 2815 nearum,
525 2727 625 2797 unius
648 2729 692 2796 ad
715 2729 857 2796 alteram
881 2729 1036 2814 accessu)
1065 2729 1248 2796 coitionem
1272 2729 1308 2796 in
1330 2751 1447 2808 unam,

349 2839 557 2923 eandemque
573 2837 698 2905 lineam
716 2836 830 2916 ADX,
849 2860 934 2923 quae
952 2839 1041 2905 circa
1059 2838 1200 2906 immota
1217 2849 1371 2906 extrema
1389 2838 1449 2906 illa

349 2958 473 3031 puncta
489 2947 617 3014 revolvi
634 2958 778 3032 nequeat
794 2948 838 3014 ad
854 2949 1088 3033 occupandum
1105 2970 1232 3015 novum
1249 2949 1370 3016 locum.
1401 2949 1450 3016 Et

349 3057 431 3123 haec
449 3055 513 3123 erit
530 3056 619 3123 linea
638 3067 729 3124 recta
747 3056 925 3142 postulata.

420 3165 488 3232 Ubi
510 3187 646 3234 rursum
665 3177 798 3232 constat
818 3165 952 3233 unicam
971 3188 1053 3244 esse,
1075 3188 1161 3251 quae
1181 3189 1201 3234 a
1221 3168 1302 3234 dato
1321 3178 1450 3253 puncto

350 3275 393 3342 ad
422 3273 595 3360 quodlibet
624 3275 768 3342 alterum
797 3275 1007 3362 assignatum
1037 3287 1199 3359 punctum
1227 3287 1339 3362 potest
1369 3276 1449 3344 duci

350 3384 438 3451 linea
459 3394 559 3451 recta.
