3184 5054
308 467 534 558 pendicularis
552 470 623 537 NK
640 467 786 538 demissa
803 471 846 537 ad
864 466 928 536 ΒΧ
944 466 1057 538 minor
1075 465 1118 536 sit
1133 467 1282 555 qualibet
1299 463 1406 552 assig-

309 592 389 648 nata
408 580 630 667 longitudine,
650 590 687 647 ut
706 591 789 666 puta
807 602 847 647 ea
867 579 938 647 ΤΒ.
984 581 1075 647 Tum
1093 601 1176 646 vero
1196 588 1350 645 sumatur
1371 575 1405 641 in

310 690 371 758 ΤΒ
389 689 502 775 portio
520 689 578 758 CB
596 688 745 774 aequalis
764 689 826 775 ipsi
847 688 928 766 NK,
947 688 1178 775 jungaturque
1196 686 1272 756 CN.
1315 685 1407 754 Con-

309 809 377 867 stat
391 798 554 886 angulum
571 798 666 867 NCB
682 809 819 866 acutum
836 797 922 875 fore,
933 797 968 864 in
984 796 1162 883 hypothesi
1173 796 1288 884 anguli
1305 794 1404 864 acuti.

311 909 406 995 Ergo
425 908 488 992 (ex
503 908 555 976 13.
571 907 690 993 primi)
710 908 850 975 obtusus
864 907 938 986 erit,
953 908 1010 993 qui
1026 906 1182 992 deinceps
1196 917 1248 973 est
1261 904 1407 992 angulus

312 1017 418 1086 NCT.
458 1016 569 1104 Igitur
586 1026 685 1095 recta,
702 1038 788 1101 quae
802 1039 846 1082 ex
860 1026 986 1101 puncto
1000 1019 1031 1085 T
1052 1016 1159 1102 (inter
1174 1024 1298 1100 puncta
1314 1013 1357 1092 A,
1374 1024 1407 1080 et

310 1127 340 1196 C
365 1125 568 1211 constituto)
601 1125 923 1212 perpendiculariter
949 1127 1112 1193 educatur
1138 1146 1257 1192 versus
1294 1134 1406 1210 partes

311 1235 416 1320 ipsius
434 1235 513 1314 AX,
532 1257 601 1302 non
620 1235 745 1303 incidet
768 1236 832 1320 (ex
852 1233 902 1302 17.
923 1235 1043 1320 primi)
1067 1235 1102 1301 in
1121 1235 1227 1302 ullum
1244 1244 1407 1319 punctum

311 1345 416 1430 ipsius
440 1345 523 1424 CN;
546 1367 585 1413 ac
607 1356 787 1430 propterea
816 1346 876 1429 (ne
900 1344 1035 1412 claudat
1059 1345 1205 1428 spatium
1229 1365 1306 1410 cum
1331 1343 1405 1412 AT.

311 1465 369 1522 aut
383 1476 461 1522 cum
470 1454 551 1539 TC)
566 1465 719 1522 occurret
734 1453 796 1538 ipsi
811 1454 1010 1520 terminatae
1021 1454 1090 1520 AN
1106 1454 1140 1519 in
1156 1453 1269 1538 aliquo
1283 1462 1408 1538 puncto

312 1564 350 1630 F.
400 1563 511 1651 Igitur
536 1565 570 1630 in
596 1564 668 1648 ipsa
692 1563 794 1631 etiarn
820 1564 998 1649 hypothesi
1024 1563 1139 1649 anguli
1165 1563 1253 1629 acuti
1287 1562 1407 1648 (qnam

311 1673 435 1741 scimus
461 1672 579 1741 obesse
605 1673 702 1740 unice
728 1673 782 1739 hic
808 1673 926 1758 posse)
958 1672 1087 1739 nullum
1115 1671 1179 1738 erit
1205 1670 1407 1758 assignabile

311 1793 474 1868 punctum
498 1784 530 1851 T
554 1782 589 1848 in
614 1803 654 1849 ea
679 1782 753 1859 AB,
779 1805 824 1848 ex
848 1803 916 1867 quo
937 1780 1262 1867 perpendiculariter
1287 1782 1408 1848 educta

311 1913 430 1960 versus
446 1902 559 1978 partes
577 1891 681 1976 ipsius
699 1890 768 1957 AX
785 1913 854 1957 non
871 1902 1026 1958 occurrat
1044 1892 1087 1957 ad
1106 1890 1246 1968 finitam,
1266 1911 1325 1957 seu
1342 1901 1409 1956 ter-

311 1999 476 2068 minatam
506 2001 702 2069 distantiam
732 2000 841 2067 eidem
872 2000 939 2065 AX
970 2000 1004 2066 in
1034 2000 1183 2084 quodam
1213 2010 1337 2083 puncto
1368 1999 1406 2064 F.

313 2110 417 2198 Quod
433 2121 493 2178 etc.
516 2104 574 2172 [56]

694 2355 984 2413 COROLLARIUM
1006 2357 1027 2412 1.

383 2493 467 2561 Inde
486 2504 600 2561 autem
619 2493 665 2571 fit,
686 2504 723 2561 ut
741 2504 916 2579 assumpto
935 2494 969 2560 in
988 2493 1052 2560 AB
1071 2505 1243 2579 protracta
1261 2493 1410 2579 quolibet

313 2613 439 2688 puncto
461 2604 511 2681 M,
535 2625 579 2670 ex
600 2624 668 2688 quo
689 2624 808 2670 versus
830 2613 943 2688 partes
965 2614 1169 2688 punctorum
1191 2604 1224 2669 X
1247 2605 1409 2670 educatur

313 2711 600 2798 perpendicularis
620 2713 698 2790 MZ,
718 2723 863 2797 nequeat
881 2713 963 2797 ipsa,
984 2713 1116 2780 etiamsi
1136 2712 1266 2780 infinite
1284 2712 1410 2798 produ-

313 2832 419 2900 catur,
437 2842 614 2889 occurrere
631 2821 822 2906 praedictae
840 2820 926 2900 AX;
944 2821 1024 2907 quia
1041 2832 1211 2889 caeterum
1230 2821 1287 2888 illa
1304 2822 1410 2889 altera

314 2930 379 2998 BX
404 2930 541 2998 deberet
571 2930 634 3016 (ex
658 2929 844 3015 praemissa
870 2931 1177 3016 demonstratione)
1210 2931 1253 2998 ad
1279 2930 1410 2998 finitam

313 3040 510 3108 distantiam
525 3061 702 3107 occurrere
718 3039 827 3106 eidem
844 3038 930 3118 AX;
946 3040 1037 3124 quod
1053 3051 1103 3106 est
1119 3051 1237 3106 contra
1253 3061 1409 3125 praesen-

312 3161 382 3217 tem
396 3148 608 3236 hypothesin.

687 3394 976 3451 COROLLARIUM
997 3396 1034 3450 II.

384 3523 440 3589 Ex
458 3544 525 3608 quo
545 3544 681 3590 rursum
699 3523 916 3608 consequitur
934 3545 1070 3590 omnem
1089 3525 1411 3610 perpendiculariter

313 3633 470 3706 eductam
485 3654 528 3698 ex
543 3632 691 3718 quolibet
701 3643 825 3717 puncto
842 3631 930 3700 illius
940 3633 1185 3718 quantumlibet
1195 3635 1411 3703 continuatae

315 3740 389 3820 AB,
408 3743 553 3809 sednon
568 3752 682 3808 tamen
700 3740 829 3808 infinite
846 3741 976 3820 dissito
995 3743 1116 3810 debere
1134 3745 1177 3810 ad
1196 3743 1326 3812 finitam
1343 3744 1411 3811 dis·

314 3851 457 3918 tantiam
478 3872 654 3920 occurrere
674 3851 865 3937 praedictae
887 3850 973 3931 AX;
1005 3863 1171 3936 quatenus
1191 3874 1312 3940 nempe
1333 3875 1411 3939 sup·

314 3970 462 4046 ponatur
481 3981 617 4028 omnem
636 3961 739 4028 talem
760 3961 1081 4046 perpendiculariter
1102 3962 1257 4030 eductam
1279 3985 1412 4051 semper
