3184 5054
316 445 404 517 thesi
427 443 543 536 anguli
566 443 675 535 acuti)
704 444 852 534 qualibet
875 441 971 516 finita
993 445 1167 535 assignata
1190 442 1414 534 longitudine,

317 568 355 626 ut
378 568 461 646 puta
484 557 657 644 praedicta
680 556 753 626 basi
778 548 855 624 ΑΒ.Ι
902 558 982 625 Hoc
1006 568 1134 625 stante:
1160 565 1354 624 assumatur
1379 553 1416 621 in

317 666 383 735 ΒΧ
402 665 478 756 (fig.
493 665 570 754 35.)
589 668 756 753 quaedam
770 666 832 735 BT
845 665 994 752 aequalis
1009 665 1073 753 ipsi
1088 665 1171 746 CN;
1185 666 1416 752 'educaturque

317 797 362 844 ex
378 787 505 864 puncto
522 777 554 846 T
571 797 691 845 versus
708 775 778 843 Ax
796 774 1083 863 perpendicularis
1100 777 1132 843 T
1136 776 1171 854 S,
1190 796 1276 861 quae
1295 795 1416 860 nempe

323 885 388 973 (ex
403 885 542 956 scholio
556 896 633 972 post
649 884 783 954 XXIV.
800 884 924 973 hujus)
945 895 1100 954 occurret
1115 883 1179 970 ipsi
1196 883 1264 951 AX
1281 883 1316 953 in
1331 903 1416 971 quo-

318 996 399 1064 dam
418 1006 545 1084 puncto
568 990 603 1065 S.
649 995 782 1063 Deinde
804 1005 994 1080 expuncto
1017 995 1041 1063 S
1064 993 1263 1063 demittatur
1284 994 1328 1061 ad
1350 991 1416 1060 AB

318 1103 605 1192 perpendicularis
626 1104 695 1192 SQ.
740 1104 848 1173 Cadet
867 1105 949 1173 haec
974 1104 1131 1191 (propter
1151 1101 1204 1171 17.
1226 1102 1346 1191 primi)
1371 1103 1416 1170 ad

319 1226 432 1301 partes
456 1215 572 1300 anguli
596 1213 686 1283 acuti
713 1214 803 1283 SAB
829 1213 917 1282 inter
939 1224 1065 1300 puncta
1089 1213 1132 1291 A,
1158 1223 1191 1281 et
1216 1212 1254 1280 B.
1305 1212 1417 1280 Porro

319 1336 438 1393 acutus
455 1323 520 1393 erit
537 1323 683 1411 angulus
700 1323 794 1412 QST
813 1323 847 1390 in
865 1323 1096 1409 quadrilatero
1114 1322 1208 1409 QST
1210 1322 1250 1400 B,
1269 1328 1347 1390 cum
1365 1343 1418 1388 re-

319 1432 403 1519 liqui
421 1445 491 1503 tres
510 1433 626 1522 anguli
647 1432 715 1502 sint
735 1433 835 1514 recti;
855 1455 897 1500 ne
924 1433 1061 1519 (contra
1081 1433 1124 1501 V.
1146 1443 1180 1501 et
1200 1430 1262 1500 VI.
1286 1431 1412 1518 hujus)

319 1543 508 1612 incidamus
529 1542 565 1610 in
585 1541 788 1631 hypothesin
809 1553 868 1611 aut
888 1541 1004 1628 anguli
1026 1541 1118 1619 recti,
1140 1553 1199 1610 aut
1220 1540 1336 1628 anguli
1357 1540 1417 1608 ob-

318 1652 395 1722 tusi.
426 1652 519 1720 Hinc
535 1663 627 1721 recta
644 1651 704 1740 SQ
718 1650 835 1738 major
849 1651 914 1720 erit
928 1650 992 1738 (ex
1008 1651 1087 1720 Cor.
1099 1650 1125 1719 I.
1144 1661 1221 1738 post
1237 1651 1268 1719 3.
1286 1648 1412 1736 hujus)

320 1772 416 1831 recta·
431 1762 503 1842 BT,
525 1761 597 1831 sive
617 1761 700 1842 CN;
719 1783 759 1830 ac
779 1782 915 1829 rursum
935 1759 1080 1846 angulus
1101 1760 1198 1848 ASQ
1217 1759 1333 1847 major
1352 1758 1418 1827 erit

319 1892 470 1951 excessu,
489 1893 558 1958 quo
576 1870 721 1958 angulus
739 1869 880 1938 obtusus
899 1865 993 1940 AST
1011 1870 1145 1937 excedit
1164 1868 1329 1956 angulum
1347 1891 1419 1936 rec-

320 1992 404 2060 tum,
420 1990 454 2049 et
468 1979 517 2049 sic
530 1979 645 2067 major
660 1980 787 2067 angulo
802 1979 918 2048 MNC.
961 1980 1115 2047 Ducatur
1131 1978 1235 2066 igitur
1250 1978 1419 2065 quaedam

323 2089 379 2160 SF
396 2111 513 2158 secans
530 2089 599 2177 AQ
616 2090 651 2156 in
668 2089 708 2168 F,
726 2100 760 2158 et
777 2088 923 2157 efficiens
940 2110 1017 2157 cum
1037 2088 1097 2157 SA
1114 2088 1277 2175 angulum
1295 2109 1420 2174 aequa·

321 2200 388 2269 lem
404 2198 467 2286 ipsi
485 2200 601 2269 MNC.
643 2198 776 2267 Deinde
793 2221 837 2266 ex
853 2208 978 2284 puncto
995 2198 1029 2264 A
1045 2199 1189 2266 ducatur
1205 2198 1250 2266 ad
1268 2197 1325 2266 SF
1341 2217 1420 2282 pro-

322 2310 459 2378 ductam
479 2307 765 2396 perpendicularis
785 2306 862 2376 AO.
909 2307 1017 2376 Cadet
1036 2317 1199 2393 punctum
1219 2306 1252 2376 O
1279 2306 1343 2393 (ex
1364 2305 1409 2374 17
1411 2359 1418 2374 .

322 2417 443 2506 primi)
464 2418 559 2486 infra
573 2428 736 2504 punctum
753 2417 791 2495 F,
808 2438 886 2485 cum
901 2416 1046 2503 angulus
1062 2416 1153 2485 AFS
1175 2416 1239 2501 (ex
1256 2417 1309 2484 16.
1327 2415 1421 2503 ejus·

323 2529 402 2596 dem
421 2526 542 2616 primi)
569 2526 612 2596 sit
633 2526 783 2596 obtusus.
831 2526 986 2594 Tandem
1007 2546 1106 2606 ver0;
1127 2547 1205 2594 cum
1226 2525 1283 2595 FS
1305 2523 1422 2612 major
