3148 5054
333 472 557 542 manifestum
581 484 633 540 est
656 473 785 540 nullam
810 471 888 539 hinc
912 472 1006 557 sequi
1032 470 1319 558 redargutionem,
1348 490 1439 555 quae

333 593 513 668 propterea
530 581 628 650 unice
647 581 778 668 impetit
797 580 1000 668 hypothesin
1019 580 1134 667 anguli
1155 579 1254 648 acuti.

404 693 483 760 Hoc
508 702 622 758 tamen
648 691 723 758 loco
749 690 871 776 aliquis
899 689 1047 758 fortasse
1074 689 1231 775 inquiret,
1258 710 1319 756 cur
1347 689 1437 756 adeo

334 799 497 869 sollicitus
512 801 577 868 sim
591 801 626 867 in
641 800 907 868 demonstranda
920 798 1097 884 utriusque
1113 799 1222 866 falsae
1235 796 1438 884 hypothesis

334 921 455 980 exacta
480 911 730 998 redargutione.
779 908 837 977 Ad
861 930 950 987 eum,
977 908 1126 994 inquam,
1153 907 1265 985 finem,
1291 918 1329 974 ut
1355 906 1437 974 inde

334 1018 444 1107 magis
458 1030 589 1088 constet
603 1040 672 1086 non
686 1018 758 1086 sine
772 1039 874 1086 causa
888 1029 1100 1104 assumptum
1111 1016 1219 1085 fuisse
1234 1018 1276 1084 ab
1291 1015 1438 1084 Euclide

334 1141 497 1226 tanquam
518 1149 578 1214 per
600 1149 635 1196 se
657 1138 777 1196 notum
798 1127 927 1196 celebre
949 1126 1033 1196 illud
1055 1126 1216 1194 Axioma.
1264 1125 1358 1193 Nam
1378 1125 1438 1192 hic

334 1238 484 1306 maxime
499 1239 635 1306 videtur
649 1258 723 1305 esse
738 1236 905 1323 cujusque
920 1237 1050 1323 primae
1065 1234 1219 1304 veritatis
1235 1234 1340 1304 veluti
1355 1236 1437 1302 cha-

335 1359 455 1426 racter,
476 1358 603 1416 utnon
622 1346 688 1414 nisi
708 1346 878 1432 exquisita
898 1345 1012 1432 aliqua
1032 1345 1283 1432 redargutione,
1304 1367 1350 1412 ex
1370 1366 1438 1414 suo

335 1457 441 1544 ipsius
458 1455 734 1534 contradictorio
752 1466 928 1541 assumpto
944 1465 983 1523 ut
999 1476 1092 1534 vero,
1111 1455 1169 1523 illa
1187 1454 1260 1540 ipsa
1278 1454 1342 1522 sibi
1359 1465 1437 1522 tan·

335 1567 413 1634 dem
430 1565 562 1635 restitui
580 1565 696 1651 possit.
738 1565 853 1651 Atque
870 1565 918 1632 ita
934 1587 956 1632 a
972 1564 1082 1651 prima
1099 1585 1205 1649 usque
1222 1574 1332 1632 aetate
1349 1563 1436 1630 mihi

337 1675 482 1742 feliciter
507 1673 691 1761 contigisse
717 1674 807 1742 circa
833 1695 977 1741 examen
1004 1672 1193 1758 primarum
1219 1674 1436 1758 quarundam

335 1785 519 1852 veritatum
536 1782 688 1870 profiteri
707 1804 857 1870 possum,
876 1793 978 1868 prout
996 1793 1129 1850 constat
1147 1805 1191 1850 ex
1209 1804 1287 1850 mea
1304 1782 1437 1869 Logica
1545 1801 1553 1874 .*

336 1893 612 1962 demonstrativa.
1551 1899 1553 1922 ²

406 2001 490 2070 Inde
512 2013 627 2071 autem
647 2001 793 2070 transire
815 2022 955 2088 possum
976 2002 1021 2069 ad
1043 2000 1292 2086 explicandum,
1315 2023 1377 2069 cur
1400 2000 1435 2069 in

338 2111 498 2180 Proemio
517 2113 562 2180 ad
582 2111 761 2178 Lectorem
781 2109 946 2179 dixerim:
967 2131 1038 2178 non
1056 2109 1130 2178 sine
1148 2132 1275 2196 mopno
1296 2108 1334 2177 in
1353 2109 1436 2196 ripi-

336 2221 416 2288 dom
433 2219 597 2306 Lopicom
612 2230 749 2306 peccato
768 2229 960 2306 assumptas
976 2243 998 2288 o
1013 2219 1215 2306 quibusdam
1232 2217 1345 2306 fuisse
1363 2230 1436 2287 ton-

338 2350 438 2416 quom
459 2330 558 2398 dotas
581 2325 656 2392 [1⁰⁰]
681 2330 767 2398 duos
786 2339 897 2397 rectas
916 2328 1023 2396 lineas
1043 2327 1317 2415 aequidistontes.
1364 2329 1435 2398 Ubi

336 2459 476 2508 monere
493 2439 600 2507 debeo
618 2438 749 2508 nullum
767 2461 887 2507 eorum
904 2461 998 2507 ame
1016 2439 1070 2507 hic
1087 2438 1190 2526 carpi,
1211 2460 1297 2525 quos
1316 2438 1352 2507 in
1370 2441 1436 2507 hoc

336 2569 414 2618 meo
427 2548 534 2617 Libro
548 2550 603 2617 vel
619 2548 781 2617 indirecte
796 2547 980 2628 nominavi,
997 2547 1077 2634 quia
1092 2569 1171 2617 vere
1186 2568 1331 2635 magnos
1347 2549 1435 2618 Geo-

336 2669 472 2737 metras,
483 2657 655 2744 hujusque
668 2657 795 2744 peccati
804 2657 980 2725 verissime
995 2657 1171 2726 immunes.
1200 2659 1288 2728 Dico
1302 2669 1435 2728 autern:

337 2789 500 2852 mopnum
518 2767 556 2835 in
572 2765 720 2854 riqidom
737 2765 902 2854 Loyicam
919 2776 1113 2852 peccatum:
1132 2767 1214 2854 quid
1233 2768 1324 2836 enim
1342 2767 1434 2836 aliud

336 2886 388 2945 est
400 2897 573 2944 assumere
586 2886 749 2961 tanquam
758 2877 856 2944 datas
865 2877 951 2944 duas
964 2886 1075 2944 rectas
1087 2875 1195 2945 lineos
1208 2874 1435 2962 aequidistan-

338 2995 406 3053 tes:
420 2985 485 3052 nisi
500 2997 560 3054 aut
572 2985 675 3067 velle;
689 2987 781 3072 quod
794 2984 905 3053 omnis
919 2986 1008 3054 linea
1022 2987 1057 3052 in
1071 2987 1192 3054 eodem
1205 2985 1308 3072 plano
1322 2986 1435 3072 aequi-

338 3094 468 3163 distans
483 3117 504 3163 a
518 3096 667 3182 quadam
681 3094 856 3181 supposita
870 3094 959 3162 linea
975 3107 1066 3163 recta
1082 3095 1126 3163 sit
1141 3096 1215 3181 ipsa
1228 3095 1332 3165 etiam
1347 3096 1435 3164 linea

338 3215 447 3285 recta;
468 3213 528 3273 aut
549 3204 669 3273 saltem
690 3225 889 3290 supponere,
913 3205 1005 3290 quod
1026 3227 1095 3273 una
1117 3205 1231 3291 aliqua
1252 3205 1300 3274 sic
1322 3205 1436 3292 aequi·

338 3313 468 3382 distans
484 3313 591 3399 possit
606 3335 680 3382 esse
694 3312 784 3381 linea
799 3324 900 3392 recta,
917 3335 1020 3399 quam
1036 3313 1162 3382 idcirco
1178 3335 1238 3383 seu
1253 3335 1315 3401 per
1329 3317 1437 3403 hypo-

338 3421 459 3501 thesin,
490 3444 550 3491 seu
578 3443 639 3508 per
667 3423 876 3509 postulatum
905 3444 1120 3510 praesumere
1148 3422 1247 3493 liceat
1276 3422 1312 3491 in
1340 3435 1436 3492 tanta

338 3530 453 3617 aliqua
478 3531 579 3600 unius
605 3533 649 3600 ab
674 3533 781 3600 altera
808 3530 992 3601 distantia?
1042 3533 1091 3600 At
1117 3543 1251 3602 constat
1277 3543 1436 3603 neutrum
1548 3521 1549 3524 ¹

339 3642 462 3710 horum
483 3641 652 3709 venditari
676 3663 775 3727 posse
796 3652 960 3727 tanquam
982 3663 1043 3728 per
1065 3663 1101 3709 se
1122 3653 1251 3710 notum.
1302 3642 1438 3714 Scilicet

340 3749 428 3818 ratio
449 3749 621 3836 objectiva
642 3750 761 3830 lineae,
785 3772 871 3837 quae
893 3750 1050 3819 omnibus
1074 3750 1144 3819 suis
1166 3751 1301 3838 punctis
1322 3751 1438 3840 aequi-

338 3857 440 3928 distet
461 3882 483 3927 a
503 3861 651 3946 quadam
673 3859 847 3946 supposita
869 3858 958 3927 linea
979 3870 1080 3938 recta,
1104 3881 1173 3931 non
1195 3860 1244 3929 ita
1264 3861 1354 3930 clare
1375 3883 1438 3949 per
