<?xml version="1.0" encoding="UTF-8"?>
<!DOCTYPE html PUBLIC "-//W3C//DTD XHTML 1.0 Transitional//EN"
    "http://www.w3.org/TR/xhtml1/DTD/xhtml1-transitional.dtd">
<html xmlns="http://www.w3.org/1999/xhtml" xml:lang="en" lang="en">
 <head>
  <title>
</title>
<meta http-equiv="Content-Type" content="text/html;charset=utf-8" />
  <meta name='ocr-system' content='tesseract 3.04.00' />
  <meta name='ocr-capabilities' content='ocr_page ocr_carea ocr_par ocr_line ocrx_word'/>
</head>
<body>
  <div class='ocr_page' id='page_1' title='image "./girolamosaccher00saccgoog_0068.png"; bbox 0 0 3174 5050; ppageno 0'>
   <div class='ocr_carea' id='block_1_1' title="bbox 355 389 1452 600">
    <p class='ocr_par' dir='ltr' id='par_1_1' title="bbox 355 389 1452 600">
     <span class='ocr_line' id='line_1_1' title="bbox 355 389 1452 491; baseline -0.015 -18"><span class='ocrx_word' id='word_1_1' title='bbox 355 402 631 491; x_wconf 89' lang='lat' dir='ltr'>perpendiculum</span> <span class='ocrx_word' id='word_1_2' title='bbox 655 401 731 479; x_wconf 88' lang='grc' dir='ltr'>ΒΚ,</span> <span class='ocrx_word' id='word_1_3' title='bbox 757 410 816 468; x_wconf 90' lang='lat' dir='ltr'>aut</span> <span class='ocrx_word' id='word_1_4' title='bbox 841 398 916 477; x_wconf 88' lang='grc' dir='ltr'>ΒΧ,</span> <span class='ocrx_word' id='word_1_5' title='bbox 942 409 1043 484; x_wconf 89' lang='lat' dir='ltr'>atque</span> <span class='ocrx_word' id='word_1_6' title='bbox 1067 394 1145 464; x_wconf 88' lang='lat' dir='ltr'>ideo</span> <span class='ocrx_word' id='word_1_7' title='bbox 1168 392 1376 463; x_wconf 90' lang='lat' dir='ltr'>considerari</span> <span class='ocrx_word' id='word_1_8' title='bbox 1402 389 1452 457; x_wconf 90' lang='lat' dir='ltr'>vi-</span> 
     </span>
     <span class='ocr_line' id='line_1_2' title="bbox 355 501 1451 600; baseline -0.014 -18"><span class='ocrx_word' id='word_1_9' title='bbox 355 512 469 582; x_wconf 93' lang='lat' dir='ltr'>cissim</span> <span class='ocrx_word' id='word_1_10' title='bbox 495 523 533 581; x_wconf 92' lang='lat' dir='ltr'>ut</span> <span class='ocrx_word' id='word_1_11' title='bbox 559 511 798 600; x_wconf 88' lang='lat' dir='ltr'>perpendicula</span> <span class='ocrx_word' id='word_1_12' title='bbox 825 509 933 595; x_wconf 87' lang='lat' dir='ltr'>ipsam</span> <span class='ocrx_word' id='word_1_13' title='bbox 960 507 1034 586; x_wconf 87' lang='lat' dir='ltr'>AB,</span> <span class='ocrx_word' id='word_1_14' title='bbox 1063 516 1096 574; x_wconf 90' lang='lat' dir='ltr'>et</span> <span class='ocrx_word' id='word_1_15' title='bbox 1124 515 1251 572; x_wconf 89' lang='lat' dir='ltr'>rectam</span> <span class='ocrx_word' id='word_1_16' title='bbox 1277 501 1451 589; x_wconf 88' lang='lat' dir='ltr'>aequalem</span> 
     </span>
    </p>
   </div>
   <div class='ocr_carea' id='block_1_2' title="bbox 355 618 1453 926">
    <p class='ocr_par' dir='ltr' id='par_1_2' title="bbox 355 618 1453 926">
     <span class='ocr_line' id='line_1_3' title="bbox 355 618 887 709; baseline -0.011 -19"><span class='ocrx_word' id='word_1_17' title='bbox 355 621 621 709; x_wconf 85' lang='lat' dir='ltr'>contrapositam</span> <span class='ocrx_word' id='word_1_18' title='bbox 639 621 714 699; x_wconf 88' lang='lat' dir='ltr'>KL,</span> <span class='ocrx_word' id='word_1_19' title='bbox 733 631 792 688; x_wconf 90' lang='lat' dir='ltr'>aut</span> <span class='ocrx_word' id='word_1_20' title='bbox 809 618 887 686; x_wconf 91' lang='lat' dir='ltr'>XR.</span> 
     </span>
     <span class='ocr_line' id='line_1_4' title="bbox 426 721 1453 818; baseline -0.013 -17"><span class='ocrx_word' id='word_1_21' title='bbox 426 733 568 801; x_wconf 86' lang='lat' dir='ltr'>Constat</span> <span class='ocrx_word' id='word_1_22' title='bbox 590 729 695 818; x_wconf 89' lang='lat' dir='ltr'>igitur</span> <span class='ocrx_word' id='word_1_23' title='bbox 714 727 929 816; x_wconf 90' lang='lat' dir='ltr'>hypothesim</span> <span class='ocrx_word' id='word_1_24' title='bbox 950 725 1065 814; x_wconf 82' lang='lat' dir='ltr'>anguli</span> <span class='ocrx_word' id='word_1_25' title='bbox 1087 724 1180 803; x_wconf 92' lang='lat' dir='ltr'>recti,</span> <span class='ocrx_word' id='word_1_26' title='bbox 1201 723 1230 791; x_wconf 92' lang='lat' dir='ltr'>si</span> <span class='ocrx_word' id='word_1_27' title='bbox 1251 722 1305 790; x_wconf 90' lang='lat' dir='ltr'>vel</span> <span class='ocrx_word' id='word_1_28' title='bbox 1327 721 1363 789; x_wconf 93' lang='lat' dir='ltr'>in</span> <span class='ocrx_word' id='word_1_29' title='bbox 1383 742 1453 789; x_wconf 90' lang='lat' dir='ltr'>uno</span> 
     </span>
     <span class='ocr_line' id='line_1_5' title="bbox 356 833 1449 926; baseline -0.011 -16"><span class='ocrx_word' id='word_1_30' title='bbox 356 865 436 911; x_wconf 90' lang='lat' dir='ltr'>casu</span> <span class='ocrx_word' id='word_1_31' title='bbox 450 842 494 909; x_wconf 92' lang='lat' dir='ltr'>sit</span> <span class='ocrx_word' id='word_1_32' title='bbox 506 863 597 919; x_wconf 90' lang='lat' dir='ltr'>vera,</span> <span class='ocrx_word' id='word_1_33' title='bbox 613 860 745 926; x_wconf 89' lang='lat' dir='ltr'>semper</span> <span class='ocrx_word' id='word_1_34' title='bbox 758 839 793 906; x_wconf 92' lang='lat' dir='ltr'>in</span> <span class='ocrx_word' id='word_1_35' title='bbox 806 837 899 906; x_wconf 92' lang='lat' dir='ltr'>omni</span> <span class='ocrx_word' id='word_1_36' title='bbox 913 858 995 905; x_wconf 90' lang='lat' dir='ltr'>casu</span> <span class='ocrx_word' id='word_1_37' title='bbox 1008 835 1101 902; x_wconf 93' lang='lat' dir='ltr'>illam</span> <span class='ocrx_word' id='word_1_38' title='bbox 1116 833 1223 902; x_wconf 90' lang='lat' dir='ltr'>solam</span> <span class='ocrx_word' id='word_1_39' title='bbox 1237 853 1311 900; x_wconf 91' lang='lat' dir='ltr'>esse</span> <span class='ocrx_word' id='word_1_40' title='bbox 1324 852 1449 898; x_wconf 88' lang='lat' dir='ltr'>veram.</span> 
     </span>
    </p>
   </div>
   <div class='ocr_carea' id='block_1_3' title="bbox 356 949 882 1039">
    <p class='ocr_par' dir='ltr' id='par_1_3' title="bbox 356 949 882 1039">
     <span class='ocr_line' id='line_1_6' title="bbox 356 949 882 1039; baseline -0.015 -18"><span class='ocrx_word' id='word_1_41' title='bbox 356 951 460 1039; x_wconf 82' lang='lat' dir='ltr'>Quod</span> <span class='ocrx_word' id='word_1_42' title='bbox 479 961 552 1019; x_wconf 90' lang='lat' dir='ltr'>erat</span> <span class='ocrx_word' id='word_1_43' title='bbox 570 949 882 1018; x_wconf 88' lang='lat' dir='ltr'>demonstrandum.</span> 
     </span>
    </p>
   </div>
   <div class='ocr_carea' id='block_1_4' title="bbox 748 1176 1060 1235">
    <p class='ocr_par' dir='ltr' id='par_1_4' title="bbox 748 1176 1060 1235">
     <span class='ocr_line' id='line_1_7' title="bbox 748 1176 1060 1235; baseline -0.01 -2"><span class='ocrx_word' id='word_1_44' title='bbox 748 1176 990 1235; x_wconf 86' lang='lat' dir='ltr'><strong>PROPOSITIO</strong></span> <span class='ocrx_word' id='word_1_45' title='bbox 1007 1176 1060 1232; x_wconf 90' lang='lat' dir='ltr'>v1.</span> 
     </span>
    </p>
   </div>
   <div class='ocr_carea' id='block_1_5' title="bbox 357 1305 1452 1502">
    <p class='ocr_par' dir='ltr' id='par_1_5' title="bbox 357 1305 1452 1502">
     <span class='ocr_line' id='line_1_8' title="bbox 357 1305 1452 1394; baseline -0.006 -20"><span class='ocrx_word' id='word_1_46' title='bbox 357 1307 395 1373; x_wconf 89' lang='lat' dir='ltr'><em>H</em></span> <span class='ocrx_word' id='word_1_47' title='bbox 395 1305 570 1394; x_wconf 78' lang='lat' dir='ltr'>ypothesis</span> <span class='ocrx_word' id='word_1_48' title='bbox 583 1308 701 1394; x_wconf 79' lang='lat' dir='ltr'>anpuli</span> <span class='ocrx_word' id='word_1_49' title='bbox 714 1305 837 1388; x_wconf 81' lang='lat' dir='ltr'>obtusi,</span> <span class='ocrx_word' id='word_1_50' title='bbox 851 1305 883 1376; x_wconf 79' lang='lat' dir='ltr'>si</span> <span class='ocrx_word' id='word_1_51' title='bbox 895 1308 951 1376; x_wconf 82' lang='lat' dir='ltr'>vel</span> <span class='ocrx_word' id='word_1_52' title='bbox 964 1305 1001 1374; x_wconf 83' lang='lat' dir='ltr'>in</span> <span class='ocrx_word' id='word_1_53' title='bbox 1014 1328 1082 1374; x_wconf 83' lang='lat' dir='ltr'>uno</span> <span class='ocrx_word' id='word_1_54' title='bbox 1098 1327 1179 1374; x_wconf 82' lang='lat' dir='ltr'>casu</span> <span class='ocrx_word' id='word_1_55' title='bbox 1194 1313 1246 1372; x_wconf 81' lang='lat' dir='ltr'>est</span> <span class='ocrx_word' id='word_1_56' title='bbox 1258 1324 1350 1382; x_wconf 84' lang='lat' dir='ltr'>vera,</span> <span class='ocrx_word' id='word_1_57' title='bbox 1366 1323 1452 1369; x_wconf 83' lang='lat' dir='ltr'>sem·</span> 
     </span>
     <span class='ocr_line' id='line_1_9' title="bbox 448 1416 1120 1502; baseline -0.004 -17"><span class='ocrx_word' id='word_1_58' title='bbox 448 1427 510 1502; x_wconf 80' lang='lat' dir='ltr'>per</span> <span class='ocrx_word' id='word_1_59' title='bbox 526 1416 563 1484; x_wconf 84' lang='lat' dir='ltr'>in</span> <span class='ocrx_word' id='word_1_60' title='bbox 582 1416 677 1486; x_wconf 86' lang='lat' dir='ltr'>omni</span> <span class='ocrx_word' id='word_1_61' title='bbox 694 1439 774 1486; x_wconf 84' lang='lat' dir='ltr'>cusu</span> <span class='ocrx_word' id='word_1_62' title='bbox 792 1417 851 1485; x_wconf 84' lang='lat' dir='ltr'>illa</span> <span class='ocrx_word' id='word_1_63' title='bbox 868 1417 943 1484; x_wconf 84' lang='lat' dir='ltr'>sola</span> <span class='ocrx_word' id='word_1_64' title='bbox 961 1426 1012 1484; x_wconf 86' lang='lat' dir='ltr'>est</span> <span class='ocrx_word' id='word_1_65' title='bbox 1029 1437 1120 1484; x_wconf 79' lang='lat' dir='ltr'>vera.</span> 
     </span>
    </p>
   </div>
   <div class='ocr_carea' id='block_1_6' title="bbox 357 1587 1454 1892">
    <p class='ocr_par' dir='ltr' id='par_1_6' title="bbox 357 1587 1454 1892">
     <span class='ocr_line' id='line_1_10' title="bbox 427 1587 1453 1680; baseline -0.007 -19"><span class='ocrx_word' id='word_1_66' title='bbox 427 1595 699 1662; x_wconf 89' lang='lat' dir='ltr'>Demonstratur.</span> <span class='ocrx_word' id='word_1_67' title='bbox 746 1592 882 1662; x_wconf 90' lang='lat' dir='ltr'>Efficiat</span> <span class='ocrx_word' id='word_1_68' title='bbox 901 1592 1020 1680; x_wconf 88' lang='lat' dir='ltr'>juncta</span> <span class='ocrx_word' id='word_1_69' title='bbox 1041 1592 1105 1662; x_wconf 95' lang='lat' dir='ltr'>CD</span> <span class='ocrx_word' id='word_1_70' title='bbox 1131 1591 1207 1679; x_wconf 85' lang='lat' dir='ltr'>(fig.</span> <span class='ocrx_word' id='word_1_71' title='bbox 1232 1587 1283 1677; x_wconf 90' lang='grc'>5.)</span> <span class='ocrx_word' id='word_1_72' title='bbox 1309 1588 1453 1676; x_wconf 88' lang='lat' dir='ltr'>angulos</span> 
     </span>
     <span class='ocr_line' id='line_1_11' title="bbox 357 1697 1453 1791; baseline -0.007 -19"><span class='ocrx_word' id='word_1_73' title='bbox 357 1703 496 1772; x_wconf 91' lang='lat' dir='ltr'>obtusos</span> <span class='ocrx_word' id='word_1_74' title='bbox 522 1726 600 1772; x_wconf 89' lang='lat' dir='ltr'>curn</span> <span class='ocrx_word' id='word_1_75' title='bbox 626 1704 758 1773; x_wconf 90' lang='lat' dir='ltr'>duobus</span> <span class='ocrx_word' id='word_1_76' title='bbox 784 1702 959 1791; x_wconf 84' lang='lat' dir='ltr'>quibusvis</span> <span class='ocrx_word' id='word_1_77' title='bbox 985 1701 1181 1788; x_wconf 84' lang='lat' dir='ltr'>aequalibus</span> <span class='ocrx_word' id='word_1_78' title='bbox 1206 1697 1453 1787; x_wconf 86' lang='lat' dir='ltr'>perpendiculis</span> 
     </span>
     <span class='ocr_line' id='line_1_12' title="bbox 358 1808 1454 1892; baseline -0.004 -13"><span class='ocrx_word' id='word_1_79' title='bbox 358 1812 431 1892; x_wconf 83' lang='lat' dir='ltr'>Ac,</span> <span class='ocrx_word' id='word_1_80' title='bbox 458 1813 532 1892; x_wconf 91' lang='lat' dir='ltr'>BD,</span> <span class='ocrx_word' id='word_1_81' title='bbox 558 1812 616 1881; x_wconf 92' lang='lat' dir='ltr'>uni</span> <span class='ocrx_word' id='word_1_82' title='bbox 640 1812 749 1881; x_wconf 90' lang='lat' dir='ltr'>cuivis</span> <span class='ocrx_word' id='word_1_83' title='bbox 773 1823 883 1880; x_wconf 86' lang='lat' dir='ltr'>rectae</span> <span class='ocrx_word' id='word_1_84' title='bbox 908 1812 972 1880; x_wconf 93' lang='lat' dir='ltr'>AB</span> <span class='ocrx_word' id='word_1_85' title='bbox 997 1810 1238 1880; x_wconf 89' lang='lat' dir='ltr'>insistentibus.</span> <span class='ocrx_word' id='word_1_86' title='bbox 1288 1808 1366 1877; x_wconf 92' lang='lat' dir='ltr'>Erit</span> <span class='ocrx_word' id='word_1_87' title='bbox 1390 1809 1454 1878; x_wconf 89' lang='lat' dir='ltr'>CD</span> 
     </span>
    </p>
   </div>
   <div class='ocr_carea' id='block_1_7' title="bbox 357 1917 1561 2557">
    <p class='ocr_par' dir='ltr' id='par_1_7' title="bbox 357 1917 1561 2557">
     <span class='ocr_line' id='line_1_13' title="bbox 364 1917 1453 2010; baseline -0.005 -20"><span class='ocrx_word' id='word_1_88' title='bbox 364 1922 427 2010; x_wconf 87' lang='lat' dir='ltr'>(ex</span> <span class='ocrx_word' id='word_1_89' title='bbox 441 1921 543 1991; x_wconf 91' lang='lat' dir='ltr'>tertia</span> <span class='ocrx_word' id='word_1_90' title='bbox 559 1922 683 2009; x_wconf 83' lang='lat' dir='ltr'>hujus)</span> <span class='ocrx_word' id='word_1_91' title='bbox 703 1923 818 1990; x_wconf 90' lang='lat' dir='ltr'>minor</span> <span class='ocrx_word' id='word_1_92' title='bbox 834 1921 908 2008; x_wconf 90' lang='lat' dir='ltr'>ipsa</span> <span class='ocrx_word' id='word_1_93' title='bbox 923 1921 996 1989; x_wconf 83' lang='lat' dir='ltr'>AB.</span> <span class='ocrx_word' id='word_1_94' title='bbox 1041 1921 1229 1991; x_wconf 91' lang='lat' dir='ltr'>Sumantur</span> <span class='ocrx_word' id='word_1_95' title='bbox 1244 1919 1280 1988; x_wconf 92' lang='lat' dir='ltr'>in</span> <span class='ocrx_word' id='word_1_96' title='bbox 1296 1917 1370 1997; x_wconf 91' lang='lat' dir='ltr'>AC,</span> <span class='ocrx_word' id='word_1_97' title='bbox 1389 1918 1453 1986; x_wconf 93' lang='lat' dir='ltr'>BD</span> 
     </span>
     <span class='ocr_line' id='line_1_14' title="bbox 357 2027 1452 2119; baseline -0.005 -19"><span class='ocrx_word' id='word_1_98' title='bbox 357 2033 537 2118; x_wconf 87' lang='lat' dir='ltr'>protractis</span> <span class='ocrx_word' id='word_1_99' title='bbox 557 2033 644 2101; x_wconf 90' lang='lat' dir='ltr'>duae</span> <span class='ocrx_word' id='word_1_100' title='bbox 663 2031 830 2119; x_wconf 88' lang='lat' dir='ltr'>quaelibet</span> <span class='ocrx_word' id='word_1_101' title='bbox 847 2031 992 2100; x_wconf 90' lang='lat' dir='ltr'>invicem</span> <span class='ocrx_word' id='word_1_102' title='bbox 1011 2030 1168 2118; x_wconf 89' lang='lat' dir='ltr'>aequales</span> <span class='ocrx_word' id='word_1_103' title='bbox 1187 2028 1360 2117; x_wconf 89' lang='lat' dir='ltr'>portiones</span> <span class='ocrx_word' id='word_1_104' title='bbox 1381 2027 1452 2106; x_wconf 88' lang='lat' dir='ltr'>CR,</span> 
     </span>
     <span class='ocr_line' id='line_1_15' title="bbox 362 2137 1454 2228; baseline 0.001 -24"><span class='ocrx_word' id='word_1_105' title='bbox 362 2137 504 2222; x_wconf 76' lang='lat' dir='ltr'>[81Dx3</span> <span class='ocrx_word' id='word_1_106' title='bbox 517 2141 749 2228; x_wconf 88' lang='lat' dir='ltr'>jungaturque</span> <span class='ocrx_word' id='word_1_107' title='bbox 758 2141 835 2208; x_wconf 90' lang='lat' dir='ltr'>RX.</span> <span class='ocrx_word' id='word_1_108' title='bbox 859 2140 938 2228; x_wconf 89' lang='lat' dir='ltr'>Jam</span> <span class='ocrx_word' id='word_1_109' title='bbox 952 2161 1080 2226; x_wconf 90' lang='lat' dir='ltr'>quaero</span> <span class='ocrx_word' id='word_1_110' title='bbox 1093 2140 1135 2208; x_wconf 93' lang='lat' dir='ltr'>de</span> <span class='ocrx_word' id='word_1_111' title='bbox 1150 2138 1284 2227; x_wconf 84' lang='lat' dir='ltr'>angulis</span> <span class='ocrx_word' id='word_1_112' title='bbox 1298 2138 1343 2206; x_wconf 92' lang='lat' dir='ltr'>ad</span> <span class='ocrx_word' id='word_1_113' title='bbox 1356 2137 1454 2224; x_wconf 89' lang='lat' dir='ltr'>junc-</span> 
     </span>
     <span class='ocr_line' id='line_1_16' title="bbox 357 2246 1452 2337; baseline -0.005 -17"><span class='ocrx_word' id='word_1_114' title='bbox 357 2251 526 2330; x_wconf 90' lang='lat' dir='ltr'>tamRX,</span> <span class='ocrx_word' id='word_1_115' title='bbox 549 2250 605 2337; x_wconf 92' lang='lat' dir='ltr'>qui</span> <span class='ocrx_word' id='word_1_116' title='bbox 627 2250 744 2337; x_wconf 89' lang='lat' dir='ltr'>utique</span> <span class='ocrx_word' id='word_1_117' title='bbox 769 2250 832 2337; x_wconf 90' lang='lat' dir='ltr'>(ex</span> <span class='ocrx_word' id='word_1_118' title='bbox 851 2249 962 2336; x_wconf 89' lang='lat' dir='ltr'>prima</span> <span class='ocrx_word' id='word_1_119' title='bbox 981 2249 1107 2336; x_wconf 86' lang='lat' dir='ltr'>hujus)</span> <span class='ocrx_word' id='word_1_120' title='bbox 1132 2248 1289 2335; x_wconf 85' lang='lat' dir='ltr'>aequales</span> <span class='ocrx_word' id='word_1_121' title='bbox 1309 2246 1452 2316; x_wconf 92' lang='lat' dir='ltr'>invicem</span> 
     </span>
     <span class='ocr_line' id='line_1_17' title="bbox 358 2349 1561 2439; baseline -0.003 -11"><span class='ocrx_word' id='word_1_122' title='bbox 358 2370 466 2429; x_wconf 89' lang='lat' dir='ltr'>erunt.</span> <span class='ocrx_word' id='word_1_123' title='bbox 512 2360 549 2431; x_wconf 92' lang='lat' dir='ltr'>Si</span> <span class='ocrx_word' id='word_1_124' title='bbox 569 2360 681 2429; x_wconf 90' lang='lat' dir='ltr'>obtusi</span> <span class='ocrx_word' id='word_1_125' title='bbox 701 2371 789 2439; x_wconf 90' lang='lat' dir='ltr'>sunt,</span> <span class='ocrx_word' id='word_1_126' title='bbox 810 2360 972 2428; x_wconf 90' lang='lat' dir='ltr'>habemus</span> <span class='ocrx_word' id='word_1_127' title='bbox 993 2359 1169 2427; x_wconf 86' lang='lat' dir='ltr'>intentum.</span> <span class='ocrx_word' id='word_1_128' title='bbox 1214 2357 1263 2426; x_wconf 90' lang='lat' dir='ltr'>At</span> <span class='ocrx_word' id='word_1_129' title='bbox 1283 2357 1365 2426; x_wconf 92' lang='lat' dir='ltr'>recti</span> <span class='ocrx_word' id='word_1_130' title='bbox 1384 2378 1454 2425; x_wconf 92' lang='lat' dir='ltr'>non</span> <span class='ocrx_word' id='word_1_131' title='bbox 1559 2349 1561 2358; x_wconf 49' lang='lat'>‘</span> 
     </span>
     <span class='ocr_line' id='line_1_18' title="bbox 359 2465 1454 2557; baseline -0.005 -19"><span class='ocrx_word' id='word_1_132' title='bbox 359 2480 455 2551; x_wconf 82' lang='lat' dir='ltr'>sunt3</span> <span class='ocrx_word' id='word_1_133' title='bbox 485 2469 565 2557; x_wconf 89' lang='lat' dir='ltr'>quia</span> <span class='ocrx_word' id='word_1_134' title='bbox 594 2469 642 2538; x_wconf 92' lang='lat' dir='ltr'>sic</span> <span class='ocrx_word' id='word_1_135' title='bbox 670 2492 777 2539; x_wconf 91' lang='lat' dir='ltr'>unum</span> <span class='ocrx_word' id='word_1_136' title='bbox 806 2469 1006 2538; x_wconf 90' lang='lat' dir='ltr'>haberemus</span> <span class='ocrx_word' id='word_1_137' title='bbox 1036 2490 1153 2538; x_wconf 91' lang='lat' dir='ltr'>casum</span> <span class='ocrx_word' id='word_1_138' title='bbox 1182 2490 1246 2554; x_wconf 90' lang='lat' dir='ltr'>pro</span> <span class='ocrx_word' id='word_1_139' title='bbox 1275 2465 1454 2555; x_wconf 89' lang='lat' dir='ltr'>hypothesi</span> 
     </span>
    </p>
   </div>
   <div class='ocr_carea' id='block_1_8' title="bbox 358 2577 1455 3432">
    <p class='ocr_par' dir='ltr' id='par_1_8' title="bbox 358 2577 1455 3432">
     <span class='ocr_line' id='line_1_19' title="bbox 359 2577 1454 2668; baseline -0.005 -20"><span class='ocrx_word' id='word_1_140' title='bbox 359 2579 474 2668; x_wconf 83' lang='lat' dir='ltr'>anguli</span> <span class='ocrx_word' id='word_1_141' title='bbox 505 2579 597 2659; x_wconf 90' lang='lat' dir='ltr'>recti,</span> <span class='ocrx_word' id='word_1_142' title='bbox 628 2579 685 2666; x_wconf 92' lang='lat' dir='ltr'>qui</span> <span class='ocrx_word' id='word_1_143' title='bbox 716 2580 847 2648; x_wconf 92' lang='lat' dir='ltr'>nullum</span> <span class='ocrx_word' id='word_1_144' title='bbox 883 2579 946 2665; x_wconf 90' lang='lat' dir='ltr'>(ex</span> <span class='ocrx_word' id='word_1_145' title='bbox 975 2579 1214 2665; x_wconf 89' lang='lat' dir='ltr'>praecedente)</span> <span class='ocrx_word' id='word_1_146' title='bbox 1251 2577 1454 2664; x_wconf 91' lang='lat' dir='ltr'>relinqueret</span> 
     </span>
     <span class='ocr_line' id='line_1_20' title="bbox 359 2686 1454 2776; baseline -0.002 -20"><span class='ocrx_word' id='word_1_147' title='bbox 359 2689 471 2758; x_wconf 91' lang='lat' dir='ltr'>locum</span> <span class='ocrx_word' id='word_1_148' title='bbox 501 2709 563 2776; x_wconf 89' lang='lat' dir='ltr'>pro</span> <span class='ocrx_word' id='word_1_149' title='bbox 593 2688 771 2776; x_wconf 88' lang='lat' dir='ltr'>hypothesi</span> <span class='ocrx_word' id='word_1_150' title='bbox 802 2688 918 2775; x_wconf 88' lang='lat' dir='ltr'>anguli</span> <span class='ocrx_word' id='word_1_151' title='bbox 948 2687 1069 2756; x_wconf 88' lang='lat' dir='ltr'>obtusi.</span> <span class='ocrx_word' id='word_1_152' title='bbox 1127 2688 1195 2758; x_wconf 91' lang='lat' dir='ltr'>Sed</span> <span class='ocrx_word' id='word_1_153' title='bbox 1225 2708 1334 2773; x_wconf 87' lang='lat' dir='ltr'>neque</span> <span class='ocrx_word' id='word_1_154' title='bbox 1364 2686 1454 2754; x_wconf 90' lang='lat' dir='ltr'>acuti</span> 
     </span>
     <span class='ocr_line' id='line_1_21' title="bbox 359 2795 1454 2884; baseline -0.002 -18"><span class='ocrx_word' id='word_1_155' title='bbox 359 2809 446 2868; x_wconf 90' lang='lat' dir='ltr'>sunt.</span> <span class='ocrx_word' id='word_1_156' title='bbox 494 2799 586 2868; x_wconf 91' lang='lat' dir='ltr'>Nam</span> <span class='ocrx_word' id='word_1_157' title='bbox 609 2799 657 2867; x_wconf 90' lang='lat' dir='ltr'>sic</span> <span class='ocrx_word' id='word_1_158' title='bbox 679 2809 766 2866; x_wconf 86' lang='lat' dir='ltr'>esset</span> <span class='ocrx_word' id='word_1_159' title='bbox 789 2798 856 2865; x_wconf 91' lang='lat' dir='ltr'>RX</span> <span class='ocrx_word' id='word_1_160' title='bbox 885 2798 948 2884; x_wconf 88' lang='lat' dir='ltr'>(ex</span> <span class='ocrx_word' id='word_1_161' title='bbox 969 2796 1071 2866; x_wconf 91' lang='lat' dir='ltr'>tertia</span> <span class='ocrx_word' id='word_1_162' title='bbox 1092 2796 1217 2884; x_wconf 89' lang='lat' dir='ltr'>hujus)</span> <span class='ocrx_word' id='word_1_163' title='bbox 1245 2796 1360 2883; x_wconf 85' lang='lat' dir='ltr'>major</span> <span class='ocrx_word' id='word_1_164' title='bbox 1382 2795 1454 2883; x_wconf 87' lang='lat' dir='ltr'>ipsa</span> 
     </span>
     <span class='ocr_line' id='line_1_22' title="bbox 358 2906 1455 2994; baseline -0.001 -19"><span class='ocrx_word' id='word_1_165' title='bbox 358 2908 441 2990; x_wconf 89' lang='lat' dir='ltr'>AB;</span> <span class='ocrx_word' id='word_1_166' title='bbox 455 2931 495 2977; x_wconf 91' lang='lat' dir='ltr'>ac</span> <span class='ocrx_word' id='word_1_167' title='bbox 508 2919 687 2994; x_wconf 88' lang='lat' dir='ltr'>propterea</span> <span class='ocrx_word' id='word_1_168' title='bbox 700 2908 809 2976; x_wconf 90' lang='lat' dir='ltr'>multo</span> <span class='ocrx_word' id='word_1_169' title='bbox 823 2906 939 2993; x_wconf 88' lang='lat' dir='ltr'>major</span> <span class='ocrx_word' id='word_1_170' title='bbox 953 2906 1026 2993; x_wconf 91' lang='lat' dir='ltr'>ipsa</span> <span class='ocrx_word' id='word_1_171' title='bbox 1041 2908 1113 2976; x_wconf 93' lang='lat' dir='ltr'>CD.</span> <span class='ocrx_word' id='word_1_172' title='bbox 1154 2907 1234 2975; x_wconf 91' lang='lat' dir='ltr'>Hoc</span> <span class='ocrx_word' id='word_1_173' title='bbox 1249 2917 1363 2975; x_wconf 91' lang='lat' dir='ltr'>autem</span> <span class='ocrx_word' id='word_1_174' title='bbox 1378 2906 1455 2975; x_wconf 89' lang='lat' dir='ltr'>sub·</span> 
     </span>
     <span class='ocr_line' id='line_1_23' title="bbox 359 3015 1455 3106; baseline -0.004 -20"><span class='ocrx_word' id='word_1_175' title='bbox 359 3017 477 3086; x_wconf 89' lang='lat' dir='ltr'>sistere</span> <span class='ocrx_word' id='word_1_176' title='bbox 490 3041 559 3086; x_wconf 93' lang='lat' dir='ltr'>non</span> <span class='ocrx_word' id='word_1_177' title='bbox 574 3039 672 3105; x_wconf 89' lang='lat' dir='ltr'>posse</span> <span class='ocrx_word' id='word_1_178' title='bbox 685 3017 733 3085; x_wconf 89' lang='lat' dir='ltr'>sic</span> <span class='ocrx_word' id='word_1_179' title='bbox 747 3017 946 3086; x_wconf 88' lang='lat' dir='ltr'>ostenditur.</span> <span class='ocrx_word' id='word_1_180' title='bbox 988 3016 1025 3085; x_wconf 90' lang='lat' dir='ltr'>Si</span> <span class='ocrx_word' id='word_1_181' title='bbox 1040 3015 1307 3103; x_wconf 87' lang='lat' dir='ltr'>quadrilaterum</span> <span class='ocrx_word' id='word_1_182' title='bbox 1322 3015 1455 3106; x_wconf 87' lang='lat' dir='ltr'>CDXR</span> 
     </span>
     <span class='ocr_line' id='line_1_24' title="bbox 359 3124 1454 3215; baseline -0.002 -21"><span class='ocrx_word' id='word_1_183' title='bbox 359 3126 569 3215; x_wconf 87' lang='lat' dir='ltr'>intelligatur</span> <span class='ocrx_word' id='word_1_184' title='bbox 582 3127 713 3214; x_wconf 92' lang='lat' dir='ltr'>impleri</span> <span class='ocrx_word' id='word_1_185' title='bbox 728 3126 828 3195; x_wconf 92' lang='lat' dir='ltr'>rectis</span> <span class='ocrx_word' id='word_1_186' title='bbox 842 3125 1115 3194; x_wconf 91' lang='lat' dir='ltr'>abscindentibus</span> <span class='ocrx_word' id='word_1_187' title='bbox 1130 3127 1173 3194; x_wconf 89' lang='lat' dir='ltr'>ab</span> <span class='ocrx_word' id='word_1_188' title='bbox 1187 3124 1268 3212; x_wconf 89' lang='lat' dir='ltr'>ipsis</span> <span class='ocrx_word' id='word_1_189' title='bbox 1285 3126 1356 3204; x_wconf 92' lang='lat' dir='ltr'>CR,</span> <span class='ocrx_word' id='word_1_190' title='bbox 1374 3125 1454 3204; x_wconf 89' lang='lat' dir='ltr'>DX,</span> 
     </span>
     <span class='ocr_line' id='line_1_25' title="bbox 359 3233 1453 3323; baseline -0.002 -19"><span class='ocrx_word' id='word_1_191' title='bbox 359 3236 532 3322; x_wconf 90' lang='lat' dir='ltr'>portiones</span> <span class='ocrx_word' id='word_1_192' title='bbox 551 3236 696 3305; x_wconf 92' lang='lat' dir='ltr'>invicem</span> <span class='ocrx_word' id='word_1_193' title='bbox 715 3236 881 3323; x_wconf 88' lang='lat' dir='ltr'>aequales,</span> <span class='ocrx_word' id='word_1_194' title='bbox 903 3235 1052 3321; x_wconf 87' lang='lat' dir='ltr'>implicat</span> <span class='ocrx_word' id='word_1_195' title='bbox 1070 3233 1209 3303; x_wconf 91' lang='lat' dir='ltr'>transiri</span> <span class='ocrx_word' id='word_1_196' title='bbox 1229 3257 1250 3303; x_wconf 93' lang='lat' dir='ltr'>a</span> <span class='ocrx_word' id='word_1_197' title='bbox 1269 3245 1360 3304; x_wconf 90' lang='lat' dir='ltr'>recta</span> <span class='ocrx_word' id='word_1_198' title='bbox 1380 3236 1453 3313; x_wconf 94' lang='lat' dir='ltr'>CD,</span> 
     </span>
     <span class='ocr_line' id='line_1_26' title="bbox 360 3343 1455 3432; baseline -0.004 -17"><span class='ocrx_word' id='word_1_199' title='bbox 360 3369 446 3432; x_wconf 90' lang='lat' dir='ltr'>quae</span> <span class='ocrx_word' id='word_1_200' title='bbox 467 3346 581 3414; x_wconf 91' lang='lat' dir='ltr'>minor</span> <span class='ocrx_word' id='word_1_201' title='bbox 602 3357 653 3414; x_wconf 92' lang='lat' dir='ltr'>est</span> <span class='ocrx_word' id='word_1_202' title='bbox 676 3347 749 3432; x_wconf 88' lang='lat' dir='ltr'>ipsa</span> <span class='ocrx_word' id='word_1_203' title='bbox 771 3346 845 3425; x_wconf 90' lang='lat' dir='ltr'>AB,</span> <span class='ocrx_word' id='word_1_204' title='bbox 869 3346 913 3414; x_wconf 88' lang='lat' dir='ltr'>ad</span> <span class='ocrx_word' id='word_1_205' title='bbox 937 3344 1004 3412; x_wconf 90' lang='lat' dir='ltr'>RX</span> <span class='ocrx_word' id='word_1_206' title='bbox 1028 3345 1147 3413; x_wconf 91' lang='lat' dir='ltr'>eadem</span> <span class='ocrx_word' id='word_1_207' title='bbox 1169 3343 1348 3429; x_wconf 88' lang='lat' dir='ltr'>majorem,</span> <span class='ocrx_word' id='word_1_208' title='bbox 1374 3343 1455 3431; x_wconf 91' lang='lat' dir='ltr'>quin</span> 
     </span>
    </p>
   </div>
   <div class='ocr_carea' id='block_1_9' title="bbox 0 0 1600 5050">
    <p class='ocr_par' dir='ltr' id='par_1_9' title="bbox 0 0 1600 5050">
     <span class='ocr_line' id='line_1_27' title="bbox 0 0 1600 5050; baseline 0 0"><span class='ocrx_word' id='word_1_209' title='bbox 0 0 1600 5050; x_wconf 95' lang='lat' dir='ltr'> </span> 
     </span>
    </p>
   </div>
  </div>
 </body>
</html>
