3174 5050
331 362 494 435 [12ltertia
514 364 634 453 primi)
660 364 805 453 angulus
826 363 943 432 XAH.
988 362 1115 451 Quare,
1137 364 1275 450 dempto
1295 361 1421 450 angulo

329 487 421 546 recto
445 475 558 554 HAB,
582 475 732 543 minores
756 484 856 542 erunt
879 495 948 543 uno
972 483 1064 542 recto
1088 473 1157 542 duo
1181 470 1281 540 simul
1305 469 1419 559 anguli
1537 561 1541 566 .

330 585 438 664 ADB,
456 596 490 654 et
508 583 616 653 BAD.
658 583 762 670 Quod
779 594 852 652 erat
867 580 1015 652 tertium.

726 795 968 854 PROPosmo
987 795 1023 878 pr.

329 941 370 1010 Si
392 951 484 1010 recta
507 943 571 1009 DB
602 943 677 1029 (pp.
703 943 756 1030 8.)
784 940 1107 1029 perpendiculariter
1129 939 1265 1010 insistat
1289 939 1421 1009 cuidam

420 1051 538 1132 ΑΒΜ,
563 1050 673 1138 sitque
694 1052 815 1139 juncta
837 1052 915 1120 ΒΜ
938 1051 1053 1138 major
1074 1052 1194 1138 junctu
1217 1049 1297 1132 DA,
1322 1047 1421 1118 etrum

423 1161 512 1229 basis
526 1162 601 1230 ΒΜ
616 1162 731 1248 major
747 1161 812 1230 erit
828 1161 901 1229 basi
915 1161 989 1229 ΒΑ.
1030 1160 1078 1227 Et
1093 1158 1252 1228 vicissim.

400 1343 672 1438 Demonstratur.
700 1346 744 1413 Et
759 1345 1022 1432 primoquidem
1037 1367 1106 1414 non
1122 1356 1221 1414 erunt
1237 1344 1313 1413 illae
1327 1345 1424 1413 bases

331 1452 475 1521 invicem
492 1454 657 1540 aequales
701 1455 882 1524 Caeterum
906 1455 969 1542 (ex
986 1467 1108 1542 quarta
1124 1454 1244 1541 primi)
1269 1454 1425 1541 aequales

333 1563 458 1642 forent,
482 1574 601 1632 contra
623 1564 847 1650 hypothesim,
872 1565 965 1650 ipsae
987 1564 1065 1644 AD,
1091 1564 1175 1632 DM.
1227 1565 1295 1633 Sed
1318 1584 1425 1650 neque

331 1671 396 1740 erit
411 1671 475 1740 BA
489 1673 604 1759 major
619 1695 721 1760 quam
737 1673 817 1741 ΒΜ.
859 1674 1049 1752 Caeterum,
1067 1683 1201 1760 sumpta
1217 1672 1252 1740 in
1268 1672 1333 1740 BA
1348 1693 1426 1759 por·

332 1782 424 1849 tione
441 1782 498 1850 BS
515 1783 645 1869 aequali
663 1782 727 1870 ipsi
745 1783 826 1862 ΒΜ,
844 1783 1028 1870 junctaque
1047 1783 1117 1862 SD,
1136 1783 1292 1869 aequales
1312 1782 1426 1850 forent

338 1891 401 1977 (ex
418 1876 536 1959 eadem
553 1902 674 1978 quarta
690 1892 811 1978 primi)
834 1893 949 1980 anguli
967 1893 1070 1971 RSD,
1090 1892 1214 1960 BMD:
1232 1892 1296 1960 Est
1313 1901 1425 1960 autem

197 2042 201 2051 ·
335 2001 496 2086 angulus·
512 2001 605 2070 BSD
643 2002 706 2086 (ex
737 2001 967 2070 decimasexta
998 2001 1118 2088 primi)
1145 1999 1269 2088 'major
1300 2001 1426 2088 angulo

334 2109 441 2176 BAD.
492 2111 587 2197 Ergo
611 2113 731 2178 eodem
755 2111 870 2198 maior
896 2111 988 2178 ioret
1012 2112 1156 2198 angulus
1182 2111 1298 2179 BMD.
1349 2112 1427 2178 Hoc

333 2229 447 2287 autern
465 2231 516 2286 est
534 2231 652 2288 contra
671 2221 993 2289 decimamoctavam
1011 2221 1130 2306 primi;
1148 2243 1225 2289 cum
1243 2221 1332 2289 latus
1352 2221 1427 2287 DM

334 2328 368 2394 in
385 2328 559 2415 triangulo
578 2329 688 2397 MDA
705 2341 915 2416 supponatur
932 2330 1047 2417 majus
1064 2331 1168 2399 latere
1188 2330 1265 2397 DA.
1309 2329 1427 2398 Restat

334 2437 448 2524 igitur,
466 2449 504 2506 ut
518 2439 609 2506 basis
626 2438 697 2506 ΒΜ
712 2439 828 2526 major
844 2440 887 2506 sit
903 2439 975 2507 basi
993 2438 1065 2506 BA.
1107 2440 1212 2527 Quod
1228 2450 1301 2508 erat
1317 2438 1428 2527 primo

335 2548 409 2615 loco
432 2548 743 2616 demonstrandum.

405 2656 537 2725 Deinde
556 2658 583 2724 si
604 2647 767 2726 alterutra
785 2658 885 2738 basis
905 2670 942 2727 ut
961 2669 1043 2744 puta
1062 2659 1126 2726 BA
1151 2659 1212 2746 (ne
1233 2658 1429 2727 immutetur

336 2765 464 2854 figura)
487 2766 636 2854 fingatur
652 2767 767 2854 major
785 2768 891 2836 altera
909 2768 998 2849 ΒΜ;
1016 2779 1097 2837 tunc
1114 2768 1233 2855 juncta
1252 2768 1323 2848 DS,
1343 2790 1429 2856 quae

335 2898 379 2942 ex
393 2875 458 2942 BA
472 2876 646 2944 abscindat
661 2876 851 2962 portionem
869 2878 924 2946 ΞΒ
939 2877 1113 2965 aequalem
1129 2876 1193 2964 ipsi
1208 2878 1290 2958 ΒΜ,
1306 2900 1429 2966 aequa·

336 2984 376 3052 lis
393 2985 457 3052 erit
480 2985 543 3071 (ex
559 2997 680 3072 quarta
695 2987 816 3072 primi)
838 2987 975 3074 junctae
993 2988 1078 3056 DM.
1121 2987 1272 3056 Rursum
1289 2989 1429 3056 obtusus
1504 3026 1507 3033 ·

334 3094 399 3161 erit
422 3094 484 3180 (ex
502 3094 729 3163 decimasexta
745 3095 865 3181 primi)
888 3097 1033 3184 angulus
1050 3096 1156 3175 DSA‚
1175 3108 1208 3165 et
1225 3108 1344 3167 acutus
1367 3097 1429 3185 (ex

309 3293 311 3298 Ι
335 3198 609 3290 decimaseptima
624 3205 779 3291 ejusdem
795 3205 914 3292 primi)
936 3207 1080 3293 angulus
1096 3206 1201 3275 DAS.
1230 3206 1346 3294 Quare
1368 3207 1429 3293 (ex
