3148 5054
315 413 426 492 finem,
446 424 484 482 ut
503 435 543 482 ea
563 412 673 482 AXM
694 414 757 482 sub
774 414 895 482 eodem
915 413 1057 481 immoto
1077 423 1252 500 segmento
1273 411 1342 479 AX
1364 411 1416 478 lo-

314 523 384 592 cari
407 545 544 592 rursum
565 523 673 608 possit
695 523 729 590 in
751 522 872 590 eodem
893 523 995 608 plano
1016 522 1060 590 ad
1083 523 1341 608 congruendum
1365 520 1416 587 illi
1462 571 1467 579 .

315 632 411 702 alteri
432 631 542 710 AXF,
564 631 600 699 in
621 655 688 718 qua
708 631 870 700 nimirum
890 631 1101 700 continuatio
1121 630 1195 717 ipsa
1216 631 1316 698 AXF
1337 653 1417 697 ver-

316 763 372 810 sus
392 744 569 810 dexteram
588 741 708 809 similis
726 741 825 827 plane
844 741 898 820 sit,
919 751 978 809 aut
997 740 1146 826 aequalis
1165 740 1416 808 continuationi

315 851 426 919 AXM
443 872 562 919 versus
578 851 720 930 laevam,
739 872 778 918 ac
796 871 932 919 rursum
948 849 1159 918 continuatio
1177 850 1276 916 AXF
1293 871 1416 918 versus

316 961 447 1029 laevam
464 960 584 1028 similis
601 961 699 1046 plane
718 959 771 1038 sit,
791 970 849 1028 aut
868 959 1017 1045 aequalis
1035 958 1280 1027 continuationi
1301 959 1414 1026 AXM

315 1091 434 1138 versus
452 1071 637 1137 dexteram.

322 1177 330 1194 '
385 1178 559 1265 Quoniam
578 1201 660 1248 vero
680 1201 778 1248 arcus
799 1179 858 1248 BC
877 1179 991 1264 major
1011 1190 1062 1246 est
1081 1178 1237 1263 ejusdem
1256 1178 1416 1264 portione

320 1283 378 1352 [79]
399 1289 480 1366 MF,
498 1287 735 1375 designarique
752 1287 974 1356 uniformiter
990 1299 1131 1374 possunt
1148 1287 1184 1354 in
1201 1310 1241 1355 ea
1257 1288 1416 1373 portione

318 1398 388 1465 MF
404 1397 471 1466 alia
487 1398 556 1467 duo
573 1408 697 1483 puncta
714 1420 792 1465 cum
808 1397 950 1475 minore,
970 1396 1041 1464 sine
1058 1398 1128 1466 uilo
1144 1409 1239 1465 certo
1255 1396 1414 1474 termino,

316 1505 566 1594 intercapedine
575 1530 583 1588 ;
599 1507 800 1575 alterutrum
817 1529 897 1575 sane
913 1507 948 1574 in
964 1509 1027 1574 hac
1043 1507 1294 1593 praedictorum
1310 1529 1417 1592 punc·

316 1628 430 1686 torum
455 1616 749 1702 approximatione
774 1615 970 1702 contingere
995 1617 1102 1684 debet.
1153 1617 1273 1714 Unum
1296 1627 1357 1694 est,
1386 1616 1416 1683 si

250 1798 254 1810 ,
316 1727 454 1794 tandem
470 1725 640 1794 incidatur
654 1726 688 1793 in
703 1748 810 1794 unum
825 1725 981 1812 idemque
996 1725 1236 1794 intermedium
1251 1737 1416 1811 punctum

318 1837 361 1914 D,
386 1837 429 1904 ad
452 1837 544 1922 quod
568 1835 597 1902 si
621 1835 786 1922 jungatur
811 1835 890 1913 XD,
915 1834 992 1903 talis
1016 1835 1180 1903 habeatur
1204 1834 1417 1904 continuatio

317 1944 432 2024 AXD,
455 1945 509 2013 cui
532 1944 594 2012 soli
618 1945 797 2012 conveniat
825 1944 938 2030 (facta
961 1945 1214 2030 comparatione
1236 1945 1325 2013 inter
1347 1945 1417 2012 lae-

317 2075 406 2133 vam,
425 2076 463 2122 ac
481 2056 658 2122 dexteram
674 2055 825 2140 partem)
848 2075 920 2121 esse
938 2053 1000 2121 sibi
1018 2054 1082 2139 ipsi
1100 2054 1241 2122 omnino
1258 2053 1414 2132 similem,

318 2174 376 2232 aut
394 2163 578 2249 aequalem.
622 2163 778 2232 Alterum
798 2174 858 2241 est,
878 2163 906 2230 si
924 2164 993 2231 duo
1011 2164 1093 2231 talia
1111 2163 1328 2232 inveniantur
1346 2164 1416 2232 dis-

317 2256 423 2341 tincta
439 2283 563 2358 puncta
581 2273 631 2350 M,
649 2283 682 2340 et
700 2273 738 2351 F,
758 2273 904 2358 adquae
922 2273 1060 2357 junctae
1078 2265 1165 2351 XM,
1183 2284 1217 2340 et
1235 2273 1309 2351 XF,
1329 2275 1416 2342 duas

318 2381 500 2450 exhibeant
518 2382 799 2460 continuationes,
821 2404 924 2450 unam
945 2382 1066 2461 AXM,
1088 2393 1121 2450 et
1140 2383 1283 2450 alteram
1303 2383 1415 2462 AXF,

318 2513 463 2578 quarum
478 2501 621 2577 utraque
638 2491 682 2558 sit
698 2491 760 2558 sibi
777 2491 851 2577 ipsi,
868 2492 973 2560 modo
989 2490 1061 2577 jam
1079 2492 1257 2576 explicat0,
1275 2492 1417 2560 omnino

318 2600 448 2679 similis,
472 2611 531 2669 aut
553 2601 711 2687 aequalis
745 2603 839 2668 ¹Hoc
863 2611 977 2669 autern
1000 2603 1186 2669 secundum
1209 2601 1417 2688 impossibile

318 2732 391 2778 esse
405 2710 453 2778 sic
466 2712 672 2778 demonstro.
698 2710 790 2778 Nam
804 2732 847 2778 ex
860 2709 941 2795 ipsis
955 2710 1108 2778 terminis
1123 2722 1279 2779 constare
1293 2722 1416 2798 potest,

318 2821 411 2907 quod
433 2832 524 2888 recta
545 2819 644 2897 linea,
668 2842 712 2887 ex
734 2831 859 2904 puncto
881 2820 996 2905 Aper
1019 2820 1052 2885 X
1075 2820 1216 2888 ulterius
1239 2821 1415 2906 producta,

318 2929 453 2997 unicam
472 2940 604 2997 tantum
623 2928 738 2996 sortiri
759 2940 869 3014 potest
888 2929 922 2996 in
941 2951 982 2997 eo
1001 2929 1059 2997 tali
1080 2931 1182 3014 plano
1201 2931 1415 3015 positionem,

318 3041 400 3106 dum
423 3038 549 3106 scilicet
571 3039 737 3125 quaedam
761 3039 979 3123 superaddita
1002 3039 1067 3105 XF
1089 3061 1194 3125 aeque
1216 3040 1356 3107 omnino
1380 3063 1417 3108 se

319 3149 440 3216 habeat
460 3148 496 3214 in
517 3149 658 3226 laevam,
681 3148 769 3216 etin
790 3149 967 3215 dexteram
988 3160 1119 3234 partem
1140 3149 1417 3235 praesuppositae

320 3257 399 3336 AX,
414 3279 474 3326 seu
488 3280 557 3324 non
570 3256 681 3344 magis
695 3257 730 3324 in
743 3258 885 3335 iaevam,
901 3279 1003 3343 quam
1019 3257 1054 3325 in
1069 3259 1245 3326 dexteram
1260 3258 1418 3344 ejusdem

319 3378 450 3452 partem
466 3377 659 3454 convergat.
703 3367 784 3433 Non
801 3389 883 3454 ergo
901 3366 966 3434 alia
984 3367 1048 3435 erit
1065 3367 1275 3436 continuatio
1292 3369 1416 3447 AXM,

319 3499 405 3562 quae
421 3499 556 3545 rursum
570 3498 676 3562 aeque
690 3476 830 3543 omnino
844 3499 879 3544 se
894 3476 1016 3544 habeat
1030 3475 1064 3544 in
1078 3478 1220 3556 laevam,
1236 3489 1269 3546 et
1283 3479 1318 3545 in
1332 3480 1419 3546 dex-

320 3598 428 3654 teram
452 3597 583 3672 partem
608 3585 763 3671 ejusdem
788 3585 866 3652 AX.
918 3585 1053 3655 Scilicet
1075 3595 1209 3654 constat
1234 3587 1417 3656 subsistere

320 3695 420 3765 simul
441 3717 511 3762 non
533 3715 649 3780 posse;
671 3705 704 3762 et
725 3695 817 3780 quod
838 3695 1048 3764 continuatio
1070 3695 1170 3763 AXF
1192 3719 1310 3765 versus
1333 3698 1419 3765 dex-

319 3816 428 3872 teram
447 3803 566 3871 similis
585 3804 682 3889 plane
701 3803 754 3881 sit,
775 3815 834 3872 aut
851 3783 1000 3890 aequalis
1019 3804 1080 3872 sibi
1100 3805 1163 3890 ipsi
1183 3805 1418 3875 consideratae

320 3935 438 3982 versus
459 3913 608 3992 laevam;
629 3923 662 3981 et
684 3915 775 3998 quod
797 3912 863 3981 alia
884 3914 1051 3998 quaedam
1072 3915 1282 3983 continuatio
1304 3915 1417 3984 AXM
