3184 5054
357 502 431 550 esse
446 479 571 548 lineam
588 490 732 558 rectam„
743 477 984 566 qualiscunque
1001 478 1140 546 tandem
1157 486 1378 563 supponatur,
1396 485 1456 543 aut

360 593 611 660 demonstretur
634 588 787 656 omnium
812 588 917 674 ipsius
941 598 1145 674 punctorum
1169 585 1289 653 relatio
1311 585 1356 653 ad
1380 584 1457 652 sub·

359 701 485 788 jectam
506 699 541 766 in
563 699 683 767 eodem
703 698 805 784 plano
828 708 954 764 rectam
975 697 1056 778 AB;
1078 695 1278 783 praesertim
1299 715 1391 773 vero,
1414 715 1457 761 ne

360 808 580 878 uniformiter
594 808 746 876 dicamus
760 807 889 876 nullam
903 806 1005 874 aliam
1019 806 1055 873 in
1069 828 1110 874 eo
1124 805 1226 892 plano
1242 804 1319 872 iore
1333 803 1457 871 lineam

360 929 497 997 rectam,
517 938 604 1004 quae
623 917 780 986 omnibus
800 915 870 984 suis
891 914 1023 1001 punctis
1043 937 1112 982 non
1133 914 1336 1001 aequidistet
1355 913 1398 981 ab
1417 935 1458 981 ea

361 1027 535 1114 supposita
557 1037 647 1094 recta
668 1026 757 1094 linea
778 1026 851 1093 AB.
878 1021 936 1088 [³8]

431 1137 551 1224 Neque
569 1146 683 1204 tamen
702 1135 830 1204 dictum
847 1136 912 1202 hoc
929 1156 1044 1202 meum
1062 1134 1109 1201 ita
1128 1133 1232 1219 accipi
1251 1133 1341 1212 volo,
1361 1131 1458 1219 quasi

361 1257 476 1333 putem
496 1245 721 1314 demonstrari
742 1267 811 1311 non
831 1265 940 1330 posse,
962 1245 1054 1331 quod
1074 1243 1163 1311 linea
1183 1243 1231 1310 sic
1251 1242 1366 1330 genita
1385 1242 1459 1327 ipsa

362 1355 405 1423 sit
425 1355 513 1423 linea
534 1365 634 1433 recta,
655 1353 720 1421 nisi
740 1365 817 1440 post
836 1354 1105 1421 demonstratam
1125 1352 1304 1420 veritatem
1324 1362 1460 1419 contro-

361 1464 451 1532 versi
469 1463 707 1544 Pronunciati;
724 1486 802 1531 cum
817 1462 927 1549 magis
943 1485 1008 1549 ego
1025 1462 1096 1547 ipse
1113 1483 1217 1547 prope
1235 1461 1338 1528 finem
1353 1460 1459 1546 hujus

362 1573 456 1642 Libri
472 1575 766 1642 demonstraturus
782 1572 816 1640 id
831 1572 905 1650 sim,
922 1573 965 1639 ad
980 1571 1252 1639 confirmandum
1267 1570 1378 1656 ipsum
1392 1570 1460 1639 tale

363 1682 640 1751 Pronunciatum.

772 1919 975 1976 SCHOLION
995 1919 1048 1974 III.

364 2065 407 2132 In
426 2087 493 2152 quo
515 2065 720 2152 expenditur
739 2076 881 2134 conotus
899 2064 1127 2134 Nassaradini
1147 2064 1284 2145 Arabis,
1307 2075 1340 2132 el
1360 2063 1462 2132 simul

550 2173 628 2242 ideo
640 2184 743 2261 super
756 2176 874 2242 eodem
890 2173 1027 2259 nepotio
1043 2175 1073 2243 C
1073 2173 1181 2242 loriss.
1202 2173 1277 2242 Viri

758 2285 902 2352 Ioannis
927 2281 1067 2352 Volusii.

436 2443 606 2512 Conatum
633 2442 736 2511 istum
764 2443 989 2510 Nassaradini
1017 2443 1140 2510 Arabis
1168 2443 1274 2511 latino
1301 2442 1464 2511 idiomate

367 2553 456 2640 typis
480 2553 633 2640 vulgavit
658 2553 897 2638 praelaudatus
922 2552 988 2620 Vir
1011 2553 1161 2640 Joannes
1186 2552 1361 2631 Vallisius‚
1387 2575 1465 2620 cum

366 2662 718 2730 animadversionibus
739 2673 931 2747 opportuno
952 2661 1028 2730 loeo
1049 2661 1202 2747 adjectis.
1249 2663 1329 2730 Duo
1351 2672 1464 2731 autem

367 2772 402 2839 in
424 2794 496 2839 rem
516 2794 613 2840 suam
631 2772 780 2858 postulat
801 2771 863 2839 sibi
884 2772 1022 2839 concedi
1044 2771 1307 2840 Nassaradinus.

437 2881 593 2950 Primum
610 2892 678 2961 est;
695 2892 732 2949 ut
749 2883 836 2949 duae
854 2881 1021 2966 quaelibet
1039 2891 1149 2948 rectae
1166 2880 1275 2949 lineae
1291 2881 1327 2948 in
1344 2884 1465 2950 eodem

367 2991 469 3077 plano
488 2991 627 3077 positae,
648 2990 682 3057 in
701 3013 785 3076 quas
804 2990 890 3058 aliae
909 2990 1072 3076 quotlibet
1093 3001 1202 3058 rectae
1221 2990 1329 3058 lineae
1348 2991 1396 3059 ita
1414 2992 1466 3058 in-

368 3100 491 3178 cidant,
509 3111 547 3168 ut
564 3099 622 3168 uni
639 3100 776 3186 quidem
792 3122 911 3167 earum
926 3099 1219 3185 perpendiculares
1237 3122 1369 3186 semper
1386 3101 1465 3180 sint,

368 3210 510 3277 alteram
529 3231 611 3277 vero
631 3211 674 3277 ad
694 3209 838 3296 angulos
858 3208 1050 3294 inaequales
1071 3231 1203 3296 semper
1223 3221 1345 3289 secent,
1366 3210 1466 3278 nimi-

370 3340 446 3386 rum
468 3340 587 3386 versus
609 3341 713 3386 unam
736 3318 884 3404 partium
908 3319 970 3386 sub
992 3319 1118 3405 angulo
1142 3332 1274 3405 semper
1297 3330 1408 3399 acuto,
1433 3331 1466 3403 et

369 3450 487 3496 versus
513 3428 655 3496 alteram
680 3428 743 3495 sub
767 3428 894 3514 angulo
919 3449 1052 3513 semper
1076 3429 1215 3509 obtuso;
1241 3439 1288 3508 ut,
1316 3428 1465 3515 inquam,

369 3536 482 3624 priore
499 3538 574 3604 loco
591 3537 700 3605 dictae
718 3537 825 3604 lineae
842 3548 1043 3604 censeantur
1060 3559 1192 3623 semper
1208 3538 1318 3626 magis
1341 3539 1466 3626 (quan-

370 3646 428 3715 diu
448 3669 483 3715 se
502 3658 622 3715 mutuo
641 3670 710 3714 non
730 3647 861 3730 secent)
886 3647 985 3714 adse
1005 3646 1149 3714 invicem
1169 3649 1328 3716 accedere
1347 3671 1466 3717 versus

370 3768 483 3843 partes
505 3756 640 3825 illorum
663 3757 867 3843 angulorum
889 3767 1084 3836 acutorum;
1107 3767 1140 3824 et
1162 3756 1312 3825 vicissim
1335 3779 1468 3845 semper

369 3866 480 3954 magis
507 3888 528 3934 a
555 3887 591 3934 se
619 3865 763 3934 invicem
792 3867 947 3934 recedere
975 3887 1093 3933 versus
1121 3877 1234 3951 partes
1262 3867 1466 3955 angulorum

371 3976 579 4045 obtusorum.

440 4083 489 4153 At
505 4108 570 4173 ego
587 4084 734 4172 quidem,
753 4083 781 4151 si
799 4083 883 4153 nihil
901 4083 994 4153 aliud
1011 4095 1166 4154 moratur
1184 4085 1466 4166 Nassaradinum

898 4343 939 4374 100
