3184 5054
716 500 956 566 PROPOSITIO
978 506 1057 562 XVI.

222 679 223 684 ¹
339 652 398 721 Ex
411 652 562 741 quolibet
576 651 805 740 quadrilatera
821 651 963 733 ABCD,
980 650 1081 738 cujus
1096 661 1244 739 quotuor
1258 649 1360 719 simul
1376 672 1434 719 orr-

431 759 505 848 puri
520 763 678 850 aequales
693 759 772 842 sint,
791 771 852 830 aut
867 760 1028 847 majores,
1047 770 1107 829 aut
1122 760 1273 829 minores
1289 770 1435 848 quotuor

431 869 542 953 rectis,
552 869 723 940 stabilitur
730 870 916 957 respective
930 869 1127 958 apportem
1138 878 1198 938 out
1211 869 1329 956 eupuli
1341 869 1433 952 recti,

432 989 492 1049 out
510 979 629 1068 eupuli
647 978 768 1061 obtusi,
788 991 848 1049 aut
866 978 984 1066 eupuli
1002 977 1101 1048 acuti.

410 1145 683 1214 Demonstratur.
725 1145 897 1232 Jungatur
915 1144 989 1214 AC.
1034 1144 1115 1214 Non
1133 1155 1233 1214 erunt
1257 1145 1333 1234 (fig.
1356 1144 1429 1232 14.)

340 1267 410 1324 tres
432 1255 533 1323 simul
556 1254 672 1342 anguli
695 1253 857 1342 trianguli
881 1253 976 1324 ΑΒΕ
999 1255 1166 1342 aequales,
1191 1265 1251 1324 aut
1272 1255 1433 1342 majores,

340 1375 400 1433 aut
412 1364 562 1433 minores
577 1364 709 1432 duobus
724 1363 833 1443 rectis,
849 1363 931 1450 quin
945 1374 1014 1431 tres
1029 1363 1129 1433 simul
1144 1365 1260 1452 anguli
1273 1364 1435 1453 trianguli

320 1483 323 1494 '
341 1474 440 1544 ADC
455 1473 524 1541 sint
539 1472 603 1561 ipsi
619 1472 722 1542 etiam
739 1473 923 1559 respective
939 1472 1105 1560 aequales,
1123 1484 1183 1542 aut
1197 1473 1359 1561 majores,
1377 1484 1436 1543 aut

340 1583 489 1652 minores
515 1583 646 1652 duobus
671 1582 788 1663 rectis;
813 1604 855 1650 ne
880 1581 1006 1650 scilicet
1036 1583 1099 1670 (ex
1123 1583 1362 1671 praecedente)
1393 1584 1436 1651 ab
1542 1617 1544 1621 .

340 1715 410 1763 uno
432 1692 569 1762 illorum
592 1691 842 1780 triangulorum
866 1691 1056 1760 stabiliatur
1078 1715 1147 1760 una
1171 1692 1377 1779 hypothesis,
1402 1703 1436 1762 et

340 1803 384 1872 ab
409 1801 518 1871 altero
543 1799 659 1882 altera,
688 1811 808 1870 contra
833 1799 996 1888 quintam,
1025 1810 1168 1881 sextam,
1196 1812 1231 1871 et
1258 1801 1436 1889 septimam

340 1911 455 1999 hujus.
507 1911 586 1978 Hoc
611 1919 739 1979 stante:
768 1909 805 1979 Si
831 1920 978 1996 quatuor
1003 1910 1103 1978 simul
1129 1910 1245 1998 anguli
1270 1911 1435 1998 propositi

341 2019 561 2109 quadrilateri
584 2019 741 2108 aequales
763 2019 831 2087 sint
853 2029 1000 2105 quatuor
1023 2019 1132 2099 rectis,
1156 2030 1289 2089 constat
1311 2021 1437 2090 utrius·

342 2153 407 2218 que
437 2131 541 2198 modo
571 2128 741 2198 dictorum
770 2128 1020 2215 triangulorum
1050 2139 1120 2197 tres
1150 2129 1250 2198 simul
1292 2130 1436 2218 angulos

342 2239 499 2328 aequales
518 2239 595 2307 fore
612 2238 745 2306 duobus
762 2237 871 2318 rectis,
891 2249 992 2324 atque
1010 2238 1088 2307 ideo
1111 2238 1174 2326 (ex
1192 2240 1430 2327 praecedente)

342 2344 611 2418 stabili-[2³lttun
632 2346 674 2415 iri
697 2345 911 2433 hypothesim
933 2348 1048 2434 anguli
1072 2347 1163 2416 recti.

413 2457 475 2528 Sin
497 2479 580 2526 vero
603 2456 759 2543 ejusdem
782 2456 1002 2543 quadrilateri
1026 2467 1173 2544 quatuor
1196 2457 1297 2526 simul
1320 2458 1436 2547 anguli
1481 2518 1483 2522 ,
1509 2451 1511 2457 ’

342 2568 493 2655 majores
509 2566 587 2646 sint,
605 2577 664 2635 aut
678 2565 829 2633 minores
845 2577 991 2654 quatuor
1008 2566 1117 2646 rectis,
1136 2567 1303 2637 debebunt
1320 2567 1437 2635 simili-

342 2689 395 2747 ter
410 2677 547 2746 illorum
561 2674 812 2764 triangulorum
827 2686 897 2744 tres
913 2675 1014 2744 simul
1030 2676 1145 2764 anguli
1163 2677 1348 2765 respective
1364 2699 1438 2746 esse

343 2798 402 2857 aut
419 2809 488 2856 una
504 2784 666 2872 majores,
686 2794 745 2853 aut
762 2807 831 2853 una
848 2784 998 2852 minores
1017 2785 1149 2854 duobus
1169 2785 1277 2854 rectis.
1321 2788 1438 2875 Quare

343 2897 387 2966 ab
406 2896 471 2964 illis
490 2894 670 2982 triangulis
691 2893 879 2962 stabilietur
900 2895 1083 2981 respective
1110 2895 1173 2982 (ex
1193 2897 1432 2982 praecedente)

343 3017 402 3076 aut
420 3003 616 3093 hypothesis
634 3003 749 3091 anguli
768 3003 890 3083 obtusi,
910 3013 969 3072 aut
987 3003 1183 3090 hypothesis
1201 3005 1317 3094 anguli
1336 3006 1435 3075 acuti.

412 3115 532 3201 Itaque
553 3135 597 3182 ex
618 3111 766 3200 quolibet
786 3113 1026 3199 quadrilatero,
1049 3113 1148 3200 cujus
1169 3125 1316 3200 quatuor
1337 3114 1438 3184 simul

344 3223 460 3313 anguli
484 3223 640 3310 aequales
664 3222 741 3301 sint,
766 3233 826 3291 aut
848 3222 1009 3309 majores,
1036 3233 1094 3292 aut
1118 3222 1267 3292 minores
1292 3236 1438 3312 quatuor
