3148 5054
313 438 444 534 cunque
459 443 749 514 continuationem
764 467 808 512 ex
822 454 947 530 puncto
963 442 996 510 A
1011 464 1071 529 per
1086 441 1120 509 X
1136 463 1254 510 versus
1270 441 1320 529 B)
1341 461 1413 508 non

313 577 412 642 posse
428 555 576 642 recipere
591 553 758 640 duplicem
773 553 876 620 aliam
891 553 927 620 in
942 553 1062 621 eodem
1077 552 1180 639 plano
1195 551 1412 638 positionem,

306 665 349 732 'in
366 685 511 752 quarum
528 674 671 751 utraque
689 663 802 749 portio
818 662 955 749 quidem
974 661 1042 728 AX
1060 661 1095 728 in
1112 663 1233 729 eodem
1250 660 1317 729 situ
1336 677 1413 747 per·

313 774 421 853 sistat,
438 773 551 859 portio
567 795 650 841 vero
665 773 772 840 altera
789 772 854 838 XB
871 771 907 838 in
922 793 990 840 una
1007 771 1141 838 illarum
1157 772 1303 838 duarum
1320 769 1413 856 posi-

312 883 445 951 tionum
459 893 626 970 congruat
646 882 811 968 (exempli
827 881 948 967 causa)
969 880 1032 967 ipsi
1048 879 1123 960 XC,
1139 890 1173 948 et
1188 880 1223 946 in
1239 878 1305 948 alia
1320 880 1412 965 posi-

313 992 405 1060 tione
420 1002 587 1078 congruat
602 991 666 1077 ipsi
683 991 769 1059 XM.

384 1100 519 1170 Scilicet
535 1123 604 1167 non
623 1101 677 1168 hic
694 1121 810 1178 renuo,
829 1100 911 1186 quin
929 1099 1041 1185 portio
1060 1100 1135 1178 XB,
1155 1100 1182 1166 si
1202 1099 1413 1186 intelligatur

312 1211 442 1278 moveri
459 1211 493 1278 in
510 1209 568 1278 illo
584 1232 646 1278 suo
662 1210 764 1296 plano
780 1209 869 1278 circa
884 1220 1047 1295 punctum
1062 1208 1107 1288 X,
1124 1210 1211 1276 adeo
1227 1219 1264 1277 ut
1279 1230 1412 1276 succes-

312 1320 383 1388 sive
397 1319 606 1388 adamussim
621 1331 788 1406 congruat
809 1319 871 1406 (ex
887 1320 1108 1404 praecedente
1123 1318 1317 1403 Lemmate)
1340 1340 1412 1385 non

312 1431 416 1497 modo
440 1429 521 1514 ipsis
546 1429 633 1507 XM,
659 1429 733 1507 XC,
758 1449 878 1496 verum
903 1427 1006 1496 etiam
1029 1427 1239 1496 adamussim
1262 1422 1408 1528 con3l751

313 1549 414 1624 gruat
431 1537 572 1606 infinitis
589 1538 664 1605 aliis
683 1537 792 1616 rectis,
811 1559 896 1624 quae
914 1561 958 1606 ex
975 1549 1101 1624 puncto
1119 1537 1153 1604 X
1170 1538 1248 1605 duci
1267 1548 1412 1622 possunt

311 1647 356 1715 ad
372 1648 501 1733 reliqua
516 1647 717 1715 intermedia
731 1659 855 1733 puncta
870 1669 969 1716 arcus
985 1647 1062 1716 BC:
1081 1647 1171 1726 Non,
1189 1647 1337 1732 inquam,
1355 1647 1412 1714 hic

313 1778 429 1835 renuo,
452 1757 534 1843 quin
555 1757 612 1824 illa
633 1757 697 1823 XB
720 1757 755 1823 in
776 1757 924 1843 qualibet
946 1757 1080 1826 illarum
1101 1756 1309 1842 positionum
1329 1778 1413 1823 con-

312 1866 455 1933 siderari
474 1866 593 1934 debeat
612 1877 774 1952 tanquam
792 1867 1003 1934 continuatio
1021 1866 1057 1934 in
1076 1877 1204 1934 rectum
1223 1866 1329 1952 ipsius
1347 1865 1413 1932 im-

311 1986 424 2043 motae
438 1974 525 2056 AX;
538 1997 615 2043 cum
628 1975 738 2062 magis
752 1975 840 2043 circa
854 1997 929 2043 eam
944 1975 1054 2043 AXM
1069 1977 1142 2062 jam
1155 1976 1412 2043 demonstrave-

313 2085 378 2151 rim
395 2083 430 2152 id
448 2095 643 2152 secuturum
660 2085 695 2151 in
714 2085 806 2153 iacta
823 2085 1001 2172 hypothesi
1020 2085 1109 2152 illius
1127 2085 1316 2153 communis
1334 2107 1412 2171 seg·

312 2193 435 2262 menti:
458 2193 568 2262 Unice
590 2194 694 2281 igitur
715 2193 769 2262 hic
791 2215 916 2274 asser0,
939 2195 975 2261 in
997 2217 1065 2264 una
1086 2206 1219 2262 tantum
1241 2217 1412 2262 novarum

313 2302 448 2370 illarum
468 2303 685 2388 positionum,
708 2315 745 2371 ut
765 2315 846 2388 puta
867 2305 949 2372 dum
969 2305 1127 2391 congruit
1148 2304 1211 2390 ipsi
1234 2304 1307 2382 XC,
1331 2305 1413 2371 reti-

312 2412 385 2480 neri
402 2412 444 2479 ab
461 2433 500 2479 ea
517 2432 615 2497 posse
633 2413 725 2480 illam
742 2415 884 2480 eandem
901 2413 1167 2499 qualemcunque
1184 2414 1412 2482 continuatio

312 2541 400 2599 nem,
423 2543 525 2607 quam
546 2521 676 2590 obtinet
697 2523 732 2589 in
753 2521 863 2608 prima
884 2523 1061 2608 positione,
1084 2523 1141 2591 ubi
1163 2545 1207 2589 ex
1228 2534 1353 2609 puncto
1376 2524 1412 2589 A

312 2651 372 2715 per
388 2629 422 2696 X
439 2631 591 2716 procedit
606 2653 724 2699 versus
741 2643 904 2716 punctum
920 2632 959 2699 B.

382 2739 428 2807 Et
446 2739 537 2808 istud
556 2738 693 2826 quidem
713 2741 760 2808 sic
780 2743 1041 2809 demonstratur.
1088 2741 1180 2810 Nam
1199 2742 1310 2829 primo
1329 2764 1412 2809 con-

312 2859 380 2917 stat
394 2848 683 2918 continuationem
697 2849 790 2917 illam
805 2849 904 2916 AXB
919 2851 1058 2936 nequire
1073 2872 1146 2919 esse
1160 2851 1301 2919 omnino
1317 2851 1412 2918 simi-

312 2958 388 3037 lem,
415 2968 474 3026 aut
498 2957 673 3044 aequalem
699 2959 945 3028 continuationi
971 2959 1080 3039 AXC,
1107 2960 1134 3027 si
1160 2972 1304 3046 utraque
1328 2982 1411 3028 con-

312 3067 480 3135 sideretur
500 3089 619 3135 versus
641 3070 784 3136 eandem
805 3090 865 3137 seu
886 3069 1027 3148 laevam,
1051 3091 1111 3138 seu
1133 3070 1309 3138 dexteram
1332 3092 1411 3156 par-

312 3187 398 3258 tem;
417 3175 497 3262 quia
516 3187 686 3245 caeterum
705 3178 740 3244 in
760 3199 800 3245 ea
817 3178 876 3245 tali
897 3178 1064 3264 positione
1083 3179 1244 3248 deberent
1264 3179 1410 3248 invicem

312 3307 499 3372 congruere
515 3285 607 3371 ipsae
623 3286 732 3365 AXB,
751 3287 851 3355 AXC
860 3310 867 3367 ;
884 3289 976 3372 quod
992 3299 1043 3356 est
1059 3299 1178 3356 contra
1193 3289 1410 3376 hypothesim

312 3394 501 3463 communis
526 3395 615 3464 illius
642 3396 806 3482 segmenti
832 3396 918 3463 AX:
947 3397 1127 3476 Deberent,
1154 3397 1302 3484 inquam,
1328 3420 1410 3466 con-

312 3525 451 3590 gruere3
470 3505 552 3573 dum
571 3505 705 3584 scilicet,
727 3505 830 3573 relate
850 3507 893 3573 ad
912 3529 988 3574 eam
1006 3506 1183 3575 immotam
1202 3507 1281 3588 AX,
1303 3531 1410 3595 aeque

312 3612 467 3680 similiter
481 3612 515 3680 in
529 3615 672 3682 eandem
686 3637 745 3684 seu
760 3615 901 3694 laevam,
918 3637 978 3684 seu
992 3616 1168 3684 dexteram
1183 3628 1314 3703 partem
1328 3639 1410 3686 con-

312 3733 492 3810 vergerent
514 3723 548 3790 in
570 3745 611 3791 eo
632 3723 691 3792 tali
713 3725 816 3810 plano
837 3724 914 3793 illae
936 3726 1152 3794 continuatae
1175 3727 1250 3806 XB,
1275 3737 1308 3795 et
1331 3727 1406 3796 XC.

314 3832 471 3900 Secundo
492 3843 625 3900 constat
646 3833 730 3900 nihil
751 3845 876 3913 vetare,
899 3834 982 3920 quin
1003 3834 1175 3921 praedicta
1197 3837 1409 3906 continuatio

312 3941 422 4020 AXB,
444 3941 657 4010 considerata
677 3963 795 4011 versus
816 3965 920 4010 unam
939 3954 1081 4036 partem,
1103 3955 1142 4013 ut
1161 3956 1252 4031 puta,
1275 3947 1319 4014 ad
1339 3945 1409 4013 lae-

311 4072 400 4130 vam,
425 4050 544 4119 similis
567 4051 666 4136 plane
689 4051 742 4130 sit,
768 4063 827 4120 aut
851 4052 1000 4138 aequalis
1024 4053 1270 4124 continuationi
1295 4054 1406 4136 AXC,

311 4159 544 4230 consideratae
562 4182 681 4229 versus
699 4172 831 4247 partem
849 4162 1039 4242 adversam,
1058 4173 1096 4231 ut
1115 4174 1206 4250 puta,
1227 4165 1271 4232 ad
1290 4165 1408 4234 dexte-

838 4299 878 4342 182
