3184 5054
317 460 528 528 demonstrat
549 455 708 544 quadrati
728 468 831 547 prout
851 459 893 526 ab
915 457 989 545 ipso
1012 457 1152 546 definiti,
1176 481 1197 526 a
1218 457 1301 526 dota
1321 466 1412 524 recto

316 565 407 636 lineo
426 566 696 655 descriptionem.
745 567 855 638 Simili
879 567 984 655 igitur
1004 569 1109 637 modo
1133 567 1332 655 reprehendi
1355 588 1412 634 ne·

316 676 389 764 quit
410 676 579 756 Euclides,
600 678 692 764 quod
714 688 821 745 rectas
842 676 948 745 lineas
969 676 1146 764 parallelas
1166 698 1208 745 eo
1227 676 1288 745 tali
1308 677 1412 744 modo

317 785 518 865 definiverit,
545 808 623 854 cum
649 808 706 855 eas
733 809 901 873 nusquam
927 788 971 854 ad
998 786 1284 854 constructionem
1311 785 1412 854 ullius

317 894 543 963 Problematis
564 907 714 964 assumat
734 907 897 981 tanquam
918 897 1024 974 datas,
1047 895 1112 962 nisi
1133 906 1209 982 post
1230 896 1332 981 Prop.
1356 895 1410 964 31.

317 1003 371 1072 lib.
400 1004 511 1091 primi,
539 1004 574 1072 in
601 1027 668 1092 qua
695 1005 941 1073 Problematice
968 1007 1188 1084 demonstrat,
1217 1026 1286 1090 quo
1313 1014 1412 1092 pacto

317 1112 443 1182 adata
470 1123 568 1182 extra
593 1114 708 1182 datam
734 1124 860 1182 rectam
887 1113 1011 1182 lincam
1036 1125 1162 1201 puncto
1189 1113 1280 1182 duei'
1294 1114 1412 1181 debeat

317 1232 409 1290 recta
426 1221 517 1291 lineo
534 1221 642 1292 eidem
660 1225 831 1311 parallelo,
852 1234 885 1292 et
903 1223 1041 1310 quidem
1060 1224 1161 1310 juxta
1180 1223 1412 1291 definitionem

317 1332 360 1400 ab
383 1353 425 1401 eo
447 1331 609 1401 traditam
633 1333 880 1419 parallelarum,
905 1334 954 1400 ita
976 1343 1014 1400 ut
1038 1344 1159 1420 nempe
1182 1332 1218 1400 in
1241 1331 1412 1419 infinitum

315 1449 507 1527 protractae
535 1440 573 1509 in
601 1452 756 1510 neutram
786 1452 916 1529 partem
946 1441 1011 1509 sibi
1039 1441 1183 1510 invicem
1215 1452 1411 1510 accurrant:

318 1550 487 1637 Quodque
506 1550 651 1636 amplius
671 1562 739 1632 est;
758 1551 794 1619 id
814 1552 925 1638 ipsum
945 1553 1156 1619 demonstrat
1175 1550 1247 1620 sine
1267 1552 1336 1620 ulla
1356 1554 1413 1620 de·

317 1659 497 1745 pendentia
517 1681 538 1727 a
558 1660 789 1728 Pronunciato
810 1659 865 1727 hic
883 1672 1113 1728 controverso,
1160 1659 1279 1748 Itaque
1300 1661 1413 1729 Eucli-

317 1769 376 1836 des
395 1768 467 1836 sine
485 1769 555 1837 ulla
572 1769 733 1854 petitione
752 1769 907 1856 principii
926 1771 1137 1838 demonstrat
1155 1769 1298 1856 reperiri
1313 1779 1414 1857 posse

317 1877 354 1943 in
372 1887 495 1945 natura
513 1879 600 1946 duas
620 1879 703 1945 tales
721 1877 827 1946 lineas
846 1889 965 1960 rectas,
985 1902 1072 1966 quae
1097 1880 1151 1967 (in
1172 1881 1291 1947 eodem
1312 1881 1413 1966 plano

317 1985 557 2073 consistentes)
580 1987 618 2054 in
635 1996 813 2072 utramque
831 1997 961 2074 partem
979 1988 1015 2056 in
1033 1987 1203 2074 infinitum
1221 1998 1413 2075 protractae

317 2117 490 2182 nunquam
516 2106 736 2177 concurraat;
761 2119 799 2164 ac
824 2108 1003 2182 propterea
1027 2097 1198 2184 capallum
1223 2097 1321 2166 nobis
1346 2097 1413 2166 evi·

318 2205 438 2271 denter
451 2203 539 2290 facit
554 2228 628 2272 earn
643 2204 845 2291 passionem,
862 2228 923 2292 per
938 2228 1041 2293 quam
1058 2219 1165 2275 rectas
1182 2207 1288 2275 lineas
1305 2208 1413 2294 paral·

319 2313 400 2381 lelas
421 2313 547 2381 definit.

389 2423 577 2510 Pergamus
595 2444 707 2508 porra,
726 2445 794 2510 quo
811 2446 873 2491 nos
891 2425 1012 2493 invitat
1029 2426 1173 2512 diligens
1191 2427 1343 2494 Euclidis
1361 2449 1414 2494 ac-

320 2542 463 2599 cusator.
512 2532 696 2600 Parallelas
719 2544 826 2601 rectas
848 2533 954 2601 lineas
976 2535 1121 2621 appellat
1143 2537 1228 2602 duas
1250 2537 1415 2622 quaslibet

324 2636 382 2704 [3³]
412 2652 520 2709 rectas
546 2641 620 2720 AC,
649 2643 723 2720 BD,
750 2664 836 2729 quae
861 2644 1183 2729 perpendiculariter
1209 2647 1253 2713 ad
1279 2646 1414 2713 easdem

320 2761 432 2835 partes
454 2750 528 2838 (fig.
546 2753 636 2837 apud
650 2773 705 2819 me
719 2751 794 2837 21.)
816 2752 973 2820 insistant
988 2753 1046 2821 uni
1062 2754 1198 2821 cuidam
1214 2765 1324 2822 rectae
1340 2754 1413 2821 ΑΒ.

321 2859 416 2926 Nihil
432 2881 559 2939 moror,
577 2860 659 2947 quin
675 2861 828 2929 definitio
844 2861 1014 2947 ejusmodi
1032 2863 1187 2949 exposita
1204 2863 1247 2931 sit
1264 2875 1325 2951 per
1340 2875 1415 2950 pas·

319 2967 450 3036 sionem
476 2969 532 3056 (ut
552 2970 622 3054 ipse
643 2970 709 3055 ait)
734 2970 938 3055 possibilem,
959 2982 993 3038 et
1012 2971 1319 3056 evidentissimam;
1338 2995 1415 3042 cum

326 3077 389 3164 (ex
407 3079 585 3146 undecima
602 3079 722 3164 primi)
747 3102 767 3147 a
785 3079 933 3166 quolibet
952 3081 986 3147 in
1006 3082 1085 3148 data
1105 3093 1195 3150 recta
1213 3095 1339 3168 puncto
1357 3105 1415 3151 ex·
1444 3167 1447 3174 ,

320 3186 417 3254 citari
438 3187 545 3274 possit
565 3188 860 3274 perpendicularis.

389 3296 522 3365 Verum
548 3299 635 3364 hanc
661 3297 770 3383 ipsam
795 3309 828 3366 et
856 3299 1122 3384 possibilitatem,
1151 3313 1184 3368 et
1210 3300 1415 3370 evidentiam

321 3405 393 3491 jam
412 3407 642 3475 demonstravi
662 3407 751 3474 circa
770 3407 1002 3475 definitionem
1020 3409 1182 3477 traditam
1202 3411 1244 3479 ab
1264 3412 1413 3480 Euclide.

321 3514 437 3602 Quare
454 3515 551 3584 unice
568 3527 682 3595 restat,
700 3526 738 3584 ut
754 3516 954 3585 conferatur
970 3528 1089 3586 notum
1107 3518 1189 3587 illud
1207 3520 1416 3589 Pronuncia·

321 3635 394 3693 tum
421 3623 643 3694 Euclidaeum
670 3647 747 3694 cum
774 3626 881 3694 altero
909 3625 1026 3694 itidem
1055 3628 1295 3709 Pronunciat0,
1324 3632 1416 3717 quod
