3174 5050
318 505 511 564 transeatur
537 516 599 580 per
626 495 797 580 quandam
827 495 883 562 ST
912 492 976 579 ipsi
1005 492 1069 560 AB
1097 492 1280 580 aequalem.
1334 493 1414 560 Hoc

318 615 432 674 autem
447 605 632 672 absurdum
647 625 719 672 esse
734 603 769 671 in
784 606 847 671 hac
861 603 1039 691 hypothesi
1055 593 1099 670 err
1114 624 1155 671 eo
1169 611 1320 683 constan
1335 601 1414 690 quia

318 714 366 781 sic
396 713 459 800 (ex
483 714 604 800 quarta
628 712 752 799 hujus)
781 733 869 781 unus
894 713 1075 780 haberetur
1097 733 1195 780 casus
1221 734 1283 798 pro
1308 713 1413 800 hypo·

318 824 404 892 thesi
422 823 549 911 vanguli
578 822 670 901 recti,
699 823 757 908 qui
785 821 916 892 nullum
950 822 1013 908 (ex
1041 821 1279 908 praecedente)
1315 821 1414 889 relin-

318 944 437 1020 queret
457 933 569 1000 locum
591 933 769 1019 hypothesi
792 932 907 1019 angcdi
930 931 1051 1000 obtusi.
1098 929 1210 1018 Igitur
1231 931 1346 1019 anguli
1369 931 1413 999 ad

318 1042 472 1128 junctam
494 1041 561 1109 RX
583 1042 705 1110 debent
726 1063 799 1109 esse
819 1041 941 1110 obtusi.

389 1150 530 1229 Deinde,
556 1151 699 1236 sumptis
724 1151 758 1217 in
783 1150 856 1229 Ac,
883 1151 957 1229 BD,
982 1151 1178 1237 aequalibus
1202 1149 1413 1238 portionibus

319 1261 392 1339 AL,
420 1261 503 1341 BK;
528 1260 629 1329 simili
653 1262 757 1328 modo
782 1263 999 1330 ostendemus
1023 1260 1167 1348 angulos
1191 1262 1235 1329 ad
1260 1260 1412 1347 junctam

296 1357 386 1438 'LK
407 1370 546 1457 nequire
568 1392 641 1437 esse
664 1381 781 1438 acutos
805 1391 923 1440 versus
947 1370 1055 1456 ipsam
1078 1370 1160 1450 AB;
1183 1370 1263 1457 quia
1286 1370 1334 1438 sic
1357 1370 1413 1438 illa

321 1480 412 1548 ioret
432 1479 557 1564 major,
579 1501 681 1566 quam
703 1479 777 1558 ΑΒ,
799 1501 839 1547 ac
859 1491 1038 1566 propterea
1058 1479 1166 1548 multo
1187 1479 1302 1566 major
1323 1491 1414 1548 recta

320 1590 392 1659 CD.
444 1587 537 1663 Hinc
563 1600 677 1656 autem
704 1587 843 1675 reperiri
870 1589 1016 1667 deberet,
1044 1600 1081 1657 ut
1107 1610 1219 1676 supra,
1246 1591 1413 1677 quaedam

319 1698 520 1767 intermedia
537 1699 626 1766 inter
643 1699 708 1767 CD
724 1697 901 1777 minorem,
919 1709 953 1766 et
968 1699 1037 1766 LK
1054 1698 1223 1783 majorem
1241 1699 1315 1784 ipsa
1332 1699 1414 1779 ΑΒ;

318 1807 528 1886 intermedia,
545 1807 693 1894 inquam,
709 1806 858 1894 aequalis
873 1807 936 1894 ipsi
951 1807 1024 1886 ΑΒ,
1041 1809 1267 1895 quacunque,
1283 1831 1327 1878 ex
1340 1808 1412 1895 jam

318 1918 418 1996 notis,
449 1939 586 1985 omnem
614 1915 726 1985 locum
754 1918 908 1985 auferret
937 1916 1115 2004 hypothesi
1145 1917 1261 2006 anguli
1290 1918 1410 1988 obtusi.

318 2029 474 2096 Tandem
494 2038 632 2113 propter
652 2028 739 2094 hanc
760 2027 868 2111 ipsam
888 2048 1025 2095 causam
1047 2027 1128 2096 recti
1149 2049 1222 2096 esse
1242 2039 1413 2115 nequeunt

319 2135 434 2222 anguli
459 2137 503 2204 ad
527 2135 681 2222 junctam
704 2136 788 2216 LK;
813 2159 896 2223 ergo
921 2147 1019 2204 erunt
1044 2136 1165 2205 obtusi.
1216 2136 1327 2225 Igitur
1352 2138 1414 2207 sub

318 2246 438 2313 eadem
455 2245 527 2313 basi
546 2245 621 2324 AB,
640 2245 758 2324 auctis,
778 2257 837 2314 aut
855 2245 1042 2314 imminutis
1060 2248 1105 2314 ad
1123 2246 1256 2315 libitum
1274 2269 1414 2334 perpen-

319 2353 449 2434 diculis,
469 2355 618 2423 manebit
637 2376 769 2440 semper
788 2355 983 2441 hypothesis
1003 2356 1118 2443 anguli
1139 2356 1259 2425 obtusi.

390 2464 459 2533 Sed
485 2464 582 2532 debet
609 2464 699 2532 idem
726 2465 951 2533 demonstrari
979 2465 1041 2533 sub
1067 2476 1241 2551 assumpta
1268 2466 1414 2553 qualibet

319 2573 401 2642 basi.
446 2572 604 2661 Eligatur
629 2573 704 2661 (fig.
726 2573 778 2660 6.)
805 2596 868 2660 pro
887 2574 958 2641 basi
978 2574 1151 2660 quodlibet
1170 2597 1214 2642 ex
1234 2575 1414 2662 praedictis

318 2683 576 2771 perpendiculis,
593 2693 630 2751 ut
645 2693 727 2769 puta
743 2683 816 2750 ΒΧ.
858 2682 1066 2753 Dividantur
1081 2684 1243 2752 bifariam
1260 2686 1295 2753 in
1311 2708 1414 2773 punc-

319 2792 362 2860 tis
386 2789 427 2857 [9]
452 2793 502 2871 M,
524 2802 557 2860 et
579 2793 615 2859 H
636 2792 728 2877 ipsae
748 2791 822 2871 AB,
845 2792 932 2872 RX;
950 2792 1182 2880 jungaturque
1203 2795 1292 2863 MH.
1338 2795 1414 2863 Erit

321 2903 398 2971 MH
427 2902 490 2990 (ex
510 2902 658 2970 secunda
677 2901 801 2988 hujus)
828 2903 1114 2988 perpendicularis
1136 2903 1217 2990 ipsis
1238 2904 1312 2984 AB,
1335 2906 1412 2973 RX.

320 3012 383 3079 Est
400 3024 513 3080 autem
530 3012 674 3099 angulus
692 3013 736 3079 ad
752 3023 914 3097 punctum
933 3013 961 3078 B
980 3023 1090 3081 rectus
1108 3036 1152 3081 ex
1168 3015 1346 3100 hypothesi
1356 3039 1364 3095 ;
1382 3027 1414 3083 et

319 3121 470 3199 obtusus,
486 3145 530 3188 ex
544 3120 617 3205 jam
631 3119 881 3199 demonstratis
898 3124 941 3189 ad
956 3133 1119 3207 punctum
1134 3124 1177 3190 X.
1218 3123 1295 3192 Fiat
1311 3125 1415 3212 igitur

320 3230 464 3317 angulus
483 3241 593 3298 rectus
612 3230 708 3298 BXP
726 3252 844 3299 versus
862 3241 975 3315 partes
994 3231 1100 3317 ipsius
1118 3233 1206 3300 MH.
1249 3234 1414 3303 Occurret

321 3339 386 3406 XP
405 3339 475 3424 ipsi¹
488 3337 566 3407 ΜΗ
587 3339 621 3407 in
640 3341 789 3425 quodam
808 3351 933 3426 puncto
953 3342 982 3407 P
1001 3341 1089 3408 inter
1108 3353 1232 3428 puncta
1252 3344 1302 3422 M,
1323 3355 1357 3413 et
1377 3346 1413 3413 H
