3148 5054
232 495 236 508 ,
315 443 542 516 KM·[⁶81LK
560 457 707 532 quatuor
726 446 827 515 simul
847 446 963 534 anguli
983 446 1140 532 aequales
1161 445 1238 522 sint,
1260 455 1320 512 aut
1340 463 1413 510 ma-

313 556 408 643 Jores
421 567 568 643 quatuor
582 556 691 635 rectis,
702 566 822 625 contra
835 555 1050 642 hypothesim
1064 555 1179 642 anguli
1195 553 1295 632 acuti,
1310 553 1413 640 juxta

314 687 417 753 quam
434 657 657 752 procedimus.
700 665 830 735 Omnes
849 665 953 753 igitur
970 664 1169 751 hujusmodi
1187 663 1303 750 anguli
1322 661 1412 730 acuti

314 787 414 844 erunt
432 797 551 843 versus
569 785 683 862 partes
702 774 816 862 puncti
835 775 865 841 L
875 798 883 855 ;
902 797 941 843 ac
960 785 1138 860 propterea
1157 795 1275 840 omnes
1294 771 1413 840 itidem

315 886 359 952 ad
375 885 434 952 illa
450 895 574 971 puncta
591 884 703 953 obtusi
721 905 840 952 versus
858 895 971 970 partes
989 883 1103 970 puncti
1123 884 1165 949 A.
1209 883 1325 970 Quare
1349 881 1413 969 (ex

315 994 394 1063 Cor.
424 994 451 1061 1.
480 1005 558 1080 post
586 996 617 1063 3.
647 994 771 1079 hujus)
804 993 1055 1081 praedictarum
1082 992 1413 1079 perpendicularium

314 1103 457 1171 minima
480 1104 618 1190 quidem
643 1104 708 1171 erit
734 1105 800 1170 KL
826 1103 989 1171 remotior
1014 1126 1035 1171 a
1060 1102 1132 1170 basi
1160 1102 1234 1180 AB,
1260 1102 1412 1168 maxima

315 1213 391 1280 KM
406 1212 629 1299 propinquior
642 1212 753 1280 eidem
766 1213 856 1293 basi;
872 1213 1078 1297 reliquarum
1093 1234 1175 1280 vero
1190 1211 1414 1298 propinquior

316 1323 498 1391 remotiore
520 1344 653 1408 semper
674 1323 789 1409 major
812 1322 884 1390 erit.
933 1321 1045 1408 Igitur
1074 1322 1137 1408 (ex
1159 1343 1235 1389 mea
1258 1321 1410 1406 praeced.

314 1431 369 1499 24.
398 1432 541 1518 ejusque
568 1432 715 1518 Coroll.)
748 1443 894 1517 quatuor
920 1430 1021 1499 simul
1049 1431 1164 1517 anguli
1192 1430 1413 1516 quadrilateri

316 1541 458 1609 KHLK
471 1541 664 1610 remotioris
677 1564 698 1609 a
711 1542 782 1608 basi
796 1541 860 1608 AB
874 1541 1025 1627 majores
1038 1551 1138 1608 erunt
1152 1551 1299 1626 quatuor
1312 1539 1413 1606 simul

315 1650 449 1738 angulis
471 1651 679 1736 reliquorum
701 1650 855 1718 omnium
877 1650 1186 1736 quadrilaterorum
1208 1650 1318 1717 eidem
1340 1649 1413 1716 basi

315 1759 573 1846 proximiorem.
627 1760 743 1846 Quare
778 1759 897 1845 (prout
938 1759 1053 1827 XXV.
1083 1759 1207 1845 hujus)
1241 1740 1413 1827 destructa

314 1881 468 1936 maneret
484 1869 681 1956 hypothesis
698 1870 813 1955 anguli
832 1869 930 1937 acuti.

385 1978 479 2065 Itaq;
494 1989 627 2047 constat
641 1979 772 2046 nullum
788 1979 865 2046 fore
880 1979 1132 2065 praedictorum
1147 1979 1182 2044 in
1198 1979 1330 2046 duobus
1346 1977 1412 2046 dis·

315 2088 430 2156 tinctis
450 2089 583 2174 punctis
603 2089 836 2156 communium
855 2088 1172 2173 perpendiculorum
1193 2088 1336 2155 limitem
1356 2089 1414 2155 de-

316 2197 555 2276 derminatum,
574 2219 642 2283 quo
659 2198 772 2266 minus
791 2199 853 2266 sub
869 2198 1011 2276 minore,
1031 2220 1070 2265 ae
1086 2197 1218 2265 minore
1237 2208 1337 2265 acuto
1355 2220 1414 2264 an-

317 2307 408 2394 gulo
425 2307 469 2374 ad
484 2306 568 2374 illud
583 2317 745 2392 punctum
761 2306 794 2373 A
809 2306 1004 2385 constituto
1018 2307 1173 2374 deveniri
1190 2329 1322 2392 semper
1338 2328 1415 2392 pos-

317 2416 361 2484 sit
388 2415 508 2502 (juxta
528 2417 731 2502 hypothesin
753 2415 868 2502 anguli
890 2416 1000 2501 acuti)
1026 2418 1070 2484 ad
1091 2417 1158 2484 tale
1178 2437 1357 2485 commune
1380 2417 1414 2481 in

317 2524 449 2593 duobus
471 2525 638 2593 distinctis
660 2526 792 2612 punctis
814 2525 1100 2612 perpendiculum,
1123 2526 1215 2611 quod
1237 2526 1280 2593 sit
1301 2526 1415 2593 minus

317 2634 465 2721 qualibet
485 2635 658 2722 assignata
679 2635 891 2721 longitudine
912 2635 953 2702 R.
998 2635 1102 2721 Quod
1123 2645 1196 2702 erat
1216 2646 1277 2702 ete.

671 2787 914 2888 pnoposrno
933 2831 1058 2886 xxxn.

318 2959 395 3027 Jom
414 2958 489 3028 dico
508 2981 613 3027 unum
632 2958 776 3046 aliquem
794 2960 874 3046 fore
898 2959 952 3047 (iu
971 2961 1150 3047 hypothesi
1167 2959 1284 3047 anguli
1301 2958 1411 3047 acuti)

410 3067 672 3137 determinatum
686 3079 822 3136 acutum
836 3071 998 3154 anputum
1011 3069 1123 3150 BAX,
1137 3071 1199 3138 sub
1213 3092 1280 3157 quo
1296 3071 1416 3138 educto

409 3179 481 3244 AX
504 3180 579 3265 (fig.
600 3178 674 3264 33.)
699 3201 769 3246 non
786 3177 853 3246 nisi
869 3180 913 3246 od
931 3178 1099 3265 infinitam
1118 3178 1314 3247 distantiam
1333 3177 1416 3247 inci-

411 3289 471 3355 dat
491 3287 528 3355 in
550 3311 624 3356 eom
646 3288 723 3368 ΒΧ,
747 3310 786 3356 oc
807 3298 988 3374 propterea
1008 3286 1054 3355 sit
1075 3288 1149 3374 ipso
1172 3288 1269 3356 limes
1290 3288 1415 3374 purtim

410 3395 623 3478 intrinsecus,
640 3397 765 3483 purtim
783 3395 993 3465 extrinsecus
997 3421 1011 3479 ;
1028 3408 1100 3465 tum
1118 3420 1234 3466 eorum
1253 3397 1416 3478 omnium,

411 3528 498 3593 quae
514 3509 576 3574 sub
593 3505 784 3574 minoribus
801 3505 909 3574 ocutis
926 3506 1061 3592 angulis
1078 3508 1122 3575 od
1138 3508 1271 3593 finitum
1289 3507 1417 3575 disten

412 3615 493 3684 tiom
509 3615 662 3684 incidunt
677 3615 714 3683 in
727 3615 936 3702 praedictam
951 3615 1018 3682 ΒΧ
1022 3639 1036 3697 ;
1053 3626 1125 3684 tum
1141 3615 1242 3684 etium
1260 3616 1416 3699 oliorum,
