3148 5054
323 482 432 541 tracta
445 471 566 540 cadere
577 480 651 539 tota
663 468 761 538 debet
774 490 893 537 versus
906 477 1019 554 partes
1032 487 1213 544 convexas,
1228 476 1329 553 atque
1343 465 1426 534 ideo

324 579 398 668 ipsa
423 579 489 649 erit
514 579 669 666 eJ'usdem
695 599 819 648 curvae
845 588 998 664 tangens.
1050 575 1154 663 Quod
1181 585 1254 643 erat
1280 575 1425 643 demon·

325 691 511 759 strandum.
535 684 594 753 [8⁹]

673 943 915 1002 PROPOSITIO
931 941 1069 999 XXXVI.

324 1083 365 1153 Si
380 1093 472 1152 recta
489 1081 667 1170 quaepiam
684 1081 749 1150 XF
772 1082 847 1169 (fip.
866 1082 942 1167 44.)
964 1091 1101 1150 mutum
1119 1081 1282 1167 capulum
1300 1077 1426 1166 efficiat

417 1215 494 1262 cum
508 1191 630 1280 quavis
644 1191 802 1261 ordinata
815 1192 885 1272 LF,
901 1213 971 1260 non
985 1191 1083 1260 cadet
1096 1199 1258 1278 punctum
1273 1189 1308 1256 X
1323 1199 1426 1258 extra

417 1291 597 1371 cuvitutc'm
611 1323 745 1382 curvae,
760 1299 827 1370 uiri
839 1299 934 1388 prius
948 1299 1023 1387 ipsa
1036 1300 1102 1367 XF
1115 1299 1152 1368 in
1166 1299 1280 1386 aliquo
1295 1309 1424 1386 pumto

419 1411 450 1480 0
468 1433 607 1480 curvam
624 1409 778 1480 secuerit.

395 1561 668 1631 Demonstratur.
710 1561 854 1630 Constat
871 1561 959 1630 sumi
976 1561 1128 1648 possein
1145 1561 1219 1648 ipsa
1236 1561 1301 1629 XF
1319 1583 1425 1647 punc·

325 1680 398 1740 tum
419 1671 592 1758 quoddam
614 1671 648 1738 X
670 1673 757 1740 adeo
778 1670 928 1740 vicinum
949 1670 1012 1758 ipsi
1034 1680 1160 1757 puncto
1182 1670 1222 1748 F,
1244 1680 1283 1739 ut
1303 1670 1424 1757 juncta

324 1780 390 1847 LX
406 1780 500 1867 prius
516 1801 656 1848 curvam
672 1791 760 1848 secet
777 1781 812 1848 in
827 1779 942 1867 aliquo
958 1790 1084 1868 puncto
1102 1781 1145 1849 S:
1161 1791 1332 1848 caeterum
1348 1779 1423 1865 ipsa

325 1889 391 1958 XF
405 1889 458 1958 vel
472 1911 541 1959 non
556 1891 653 1958 cadet
667 1900 740 1958 tota
753 1900 853 1958 extra
866 1889 1047 1958 cavitatem
1061 1911 1195 1968 curvae,
1210 1899 1244 1958 et
1259 1890 1307 1957 sic
1321 1889 1424 1958 habe·

324 2020 401 2068 mus
428 1999 612 2079 intentum;
637 1998 691 2067 vel
717 2000 804 2068 adeo
829 2021 898 2067 non
923 1998 1044 2067 efficiet
1069 2021 1148 2068 cum
1172 2000 1234 2067 FL
1259 1998 1423 2086 angulum

326 2118 472 2186 acutum,
489 2118 527 2177 ut
541 2108 652 2196 magis
667 2109 835 2177 censenda
850 2107 923 2196 jam
939 2108 983 2176 sit
999 2108 1034 2176 in
1050 2107 1185 2178 unicam
1202 2118 1329 2176 rectam
1344 2129 1423 2177 cum

325 2217 432 2285 altera
445 2217 507 2286 LF
521 2217 620 2286 coire.
661 2217 781 2305 Itaque
797 2240 841 2286 ex
856 2229 981 2304 puncto
999 2219 1023 2287 S
1039 2217 1239 2287 demittatur
1254 2218 1298 2285 ad
1313 2217 1423 2286 basim

326 2326 390 2395 AB
404 2326 691 2415 perpendicularis
707 2325 771 2396 SP.
812 2327 889 2396 Erit
903 2328 986 2396 haec
1006 2327 1069 2413 (ex
1084 2327 1137 2396 34.
1154 2326 1279 2413 hujus)
1300 2349 1423 2415 aequa·

325 2437 367 2504 lis
390 2435 452 2522 ipsi
475 2436 544 2504 LF.
593 2436 656 2504 Est
678 2448 792 2505 autem
816 2437 873 2505 SP
901 2437 964 2523 (ex
989 2437 1041 2504 19.
1065 2436 1186 2524 primi)
1214 2437 1326 2505 minor
1348 2437 1424 2523 ipsa

326 2545 393 2616 LS.
438 2546 534 2634 Ergo
553 2545 655 2614 etiam
674 2545 735 2614 LF
754 2545 868 2613 minor
886 2556 937 2615 est
956 2547 1076 2615 eadem
1095 2547 1162 2625 LS,
1184 2569 1223 2615 ac
1244 2557 1423 2634 propterea

324 2655 434 2725 multo
455 2655 569 2722 minor
592 2655 665 2742 ipsa
687 2655 762 2722 LX.
812 2655 905 2723 Hinc
929 2655 964 2723 in
987 2654 1160 2743 triangulo
1183 2656 1279 2725 LXF
1303 2668 1422 2725 acutus

325 2765 389 2835 erit
407 2764 552 2852 angulus
570 2765 605 2832 in
623 2775 748 2851 puncto
766 2766 810 2842 X,
829 2765 909 2851 quia
926 2765 1040 2834 minor
1063 2766 1126 2852 (ex
1148 2765 1197 2834 18.
1219 2760 1338 2853 primi)
1362 2789 1422 2834 an-

326 2875 407 2962 gulo
423 2874 520 2942 LFX
540 2874 715 2961 supposito
733 2885 842 2943 acuto.
885 2875 964 2961 Jam
982 2875 1181 2944 demittatur
1200 2877 1245 2944 ad
1263 2876 1328 2943 FX
1347 2899 1423 2962 per·
1555 2915 1556 2919 =

326 2983 551 3069 pendicularis
577 2983 649 3052 LT.
704 2984 812 3052 Cadet
838 2985 920 3052 haec
954 2985 1112 3073 (propter
1142 2983 1194 3053 17.
1223 2985 1344 3072 primi)
1377 2988 1422 3056 ad

325 3103 438 3179 partes
457 3093 633 3179 utriusque
652 3093 767 3181 anguli
787 3093 885 3162 acuti.
930 3094 1046 3181 Quare
1065 3106 1228 3182 punctum
1246 3097 1278 3165 T
1297 3095 1422 3183 jacebit

327 3202 415 3270 inter
430 3214 554 3288 puncta
571 3202 615 3281 X,
632 3213 666 3270 et
682 3205 720 3270 F.
763 3202 895 3272 Deinde
912 3214 1099 3289 expuncto
1114 3206 1146 3272 T
1163 3204 1360 3273 demittatur
1378 3208 1422 3275 ad

325 3311 433 3379 basim
447 3311 510 3379 AB
523 3312 808 3398 perpendicularis
821 3311 896 3398 TQ.
924 3313 1001 3381 Erit
1011 3313 1073 3381 LF
1088 3313 1246 3401 (propter
1258 3315 1422 3403 angulum
