3184 5054
427 438 501 510 sinte
515 441 584 510 ullo
600 450 691 510 certo
706 439 813 510 limite
827 441 871 510 ad
885 439 1081 510 seinvicem
1097 440 1268 520 accedant,
1284 449 1435 526 proeter-

427 573 529 638 quam
559 553 603 619 od
630 550 798 638 infinitam
828 551 1011 620 earundem
1039 549 1316 638 productionem
1344 547 1433 617 Dico

429 683 547 730 omnes
559 662 704 747 onpulos
722 661 797 748 (fiy.
812 661 888 748 33.)
906 663 950 729 od
963 659 1130 747 quaelibet
1141 669 1268 747 puncta
1279 660 1321 740 L,
1334 660 1384 740 H,
1398 659 1433 726 D

428 769 535 856 ipsius
548 770 628 850 AX,
645 793 689 838 ex
702 769 825 856 quibus
839 770 1062 838 demittantur
1075 771 1120 838 od
1134 779 1261 837 rectam
1276 769 1343 836 ΒΧ
1357 779 1435 855 per·

427 877 662 966 pendiculares
675 879 753 960 LK,
770 880 854 960 HK,
871 879 960 960 DK‚·
976 889 1047 947 tum
1063 879 1143 967 fore
1159 899 1277 946 omues
1294 879 1434 946 obtusos

427 1010 547 1056 versus
558 999 673 1075 portes
684 987 802 1075 puncti
812 988 844 1054 Α
850 1011 864 1070 ;
878 999 949 1056 tum
962 989 1043 1077 fore
1055 997 1189 1074 semper
1199 987 1359 1069 minores,
1374 984 1435 1073 qui

428 1096 538 1184 inopis
561 1097 689 1166 distant
711 1098 753 1166 ab
778 1120 817 1165 eo
840 1108 966 1185 puncto
989 1098 1021 1165 Α
1028 1122 1041 1179 ;
1064 1119 1104 1167 ac
1128 1098 1264 1165 tandem
1288 1098 1434 1184 capulos

428 1206 548 1293 napis,
562 1228 602 1276 ac
614 1207 725 1293 neapis
737 1206 902 1276 distantes
914 1209 956 1275 ab
970 1209 1089 1276 eodem
1102 1218 1227 1294 puncto
1241 1207 1286 1287 Α,
1300 1217 1434 1293 semper

427 1315 539 1403 mopis
553 1316 627 1384 sine
642 1317 711 1384 ulto
728 1327 819 1384 certo
836 1315 943 1384 limite
959 1316 1118 1385 accedere
1134 1318 1178 1384 od
1194 1315 1433 1402 aequalitatem

428 1448 505 1493 cum
521 1428 646 1512 angulo
663 1435 766 1494 recto.

406 1585 679 1654 Demonstratur.
735 1585 782 1654 Et
810 1585 920 1673 prima
950 1586 1088 1672 quidem
1117 1608 1196 1674 pars
1225 1596 1359 1655 constat
1388 1607 1434 1652 ex

337 1695 415 1764 Cor.
437 1695 463 1762 Ι.
484 1706 562 1782 post
580 1694 717 1762 XXIII.
738 1695 852 1780 hujus.
898 1696 1054 1764 Secunda
1073 1719 1156 1764 vero
1174 1718 1253 1783 pars
1273 1696 1320 1764 ita
1339 1695 1434 1764 evin-

335 1803 432 1873 citur.
480 1805 571 1872 Nam
593 1805 662 1873 duo
683 1804 783 1873 simul
806 1805 921 1892 anguli
943 1807 987 1873 ad
1009 1806 1075 1872 LK
1096 1827 1215 1873 versus
1236 1804 1345 1873 basim
1367 1802 1433 1871 AB

335 1913 487 2000 majores
509 1926 587 1982 sunt
615 1913 679 2000 (ex
701 1915 779 1984 Cor.
803 1924 880 2000 post
903 1914 1001 1982 XVI.
1025 1913 1149 2001 hujus)
1178 1910 1310 1983 duobus
1332 1913 1433 1982 simul

337 2023 488 2102 internis,
505 2035 539 2090 et
553 2023 717 2110 oppositis
733 2023 866 2110 angulis
882 2024 927 2092 ad
943 2024 1017 2091 HK
1032 2046 1150 2092 versus
1166 2026 1309 2092 eandem
1323 2023 1433 2092 basim

336 2132 410 2199 ΑΒ.
459 2133 547 2201 Sunt
567 2143 682 2200 autem
704 2132 791 2200 inter
813 2154 849 2200 se
871 2133 1036 2218 aequales,
1061 2145 1177 2219 utpote
1200 2133 1292 2212 recti,
1316 2132 1433 2219 anguli

336 2244 380 2309 ad
394 2253 564 2327 utrunque
578 2254 741 2328 punctum
757 2242 791 2308 K
806 2263 924 2309 versus
939 2242 1048 2310 basim
1063 2242 1136 2309 ΑΒ.
1177 2242 1273 2329 Ergo
1288 2241 1434 2328 angulus

337 2351 477 2419 obtusus
497 2353 541 2418 ad
561 2351 591 2416 L
610 2372 728 2418 versus
748 2351 856 2418 basim
876 2351 940 2417 AB
960 2351 1075 2436 major
1094 2363 1145 2420 est
1164 2353 1290 2439 angulo
1311 2351 1435 2419 obtuso

218 2499 222 2510 «
336 2462 381 2528 ad
398 2460 434 2526 H
451 2481 570 2528 versus
586 2462 728 2527 eandem
745 2460 853 2527 basim
870 2460 943 2526 ΑΒ.
988 2461 1097 2529 Simili
1114 2463 1218 2529 modo
1236 2461 1435 2529 ostendetur

336 2569 547 2656 praedictum
563 2570 726 2656 angulum
742 2569 901 2638 obtusum
917 2572 962 2637 ad
979 2571 1015 2637 H
1032 2569 1202 2656 majorem
1218 2592 1291 2639 esse
1307 2571 1435 2657 angulo

337 2677 460 2747 obtuso
485 2679 528 2746 ad
554 2689 716 2764 punctum
743 2679 785 2744 D.
837 2678 950 2764 Atque
976 2679 1024 2747 ita
1050 2701 1191 2766 semper,
1219 2680 1435 2768 procedendo

337 2810 456 2856 versus
473 2798 597 2876 puncta
615 2787 658 2854 X.

406 2897 524 2966 Tertia
543 2898 682 2965 tandem
702 2919 781 2982 pars
800 2897 934 2982 majore
955 2897 1083 2984 indiget
1104 2898 1348 2984 disquisitione.
1396 2897 1433 2967 Si

337 3029 421 3094 ergo
438 3005 510 3074 fieri
527 3017 647 3091 potest,
664 3006 857 3092 assignatus
875 3006 918 3074 sit
941 3005 1015 3094 (fig.
1035 3007 1111 3092 34.)
1132 3007 1272 3093 quidam
1288 3009 1434 3094 angulus

339 3116 456 3194 MNC,
477 3137 545 3201 quo
564 3137 696 3202 semper
715 3116 829 3201 major
849 3115 902 3194 sit,
923 3126 982 3184 aut
1002 3117 1122 3184 saltem
1141 3139 1210 3185 non
1230 3117 1353 3196 minor,
1374 3139 1435 3186 ex-

337 3246 451 3293 cessus
470 3224 622 3312 cujusvis
642 3247 685 3291 ex
704 3224 884 3310 praedictis
903 3225 1037 3310 angulis
1056 3225 1186 3294 obtusis
1205 3247 1308 3312 supra
1326 3249 1434 3314 angu-

337 3334 409 3402 lum
427 3344 565 3402 rectum.
610 3333 753 3402 Constat
779 3333 842 3419 (ex
861 3331 960 3400 XXI.
981 3333 1106 3419 hujus)
1131 3335 1238 3403 latera
1258 3336 1346 3415 NM,
1368 3335 1434 3406 NC
1467 3403 1469 3406 .

338 3442 658 3529 comprehendentia
689 3443 785 3510 illurn
815 3442 979 3528 angulum
1010 3444 1118 3513 MNC
1147 3444 1261 3512 taliter
1291 3444 1432 3531 produci

336 3573 446 3639 posse,
461 3561 500 3620 ut
513 3551 799 3638 perpendicularis
815 3552 895 3629 MC,
911 3575 955 3620 ex
969 3553 1118 3638 quodam
1132 3565 1257 3641 puncto
1273 3555 1313 3623 M
1328 3555 1434 3640 ipsius

338 3661 416 3728 MN
438 3656 497 3725 [61]
518 3661 665 3729 demissa
682 3662 726 3729 ad
746 3661 820 3739 ΝΟ,
840 3660 956 3748 major
973 3661 1017 3728 sit
1041 3660 1095 3746 (in
1114 3663 1187 3749 ipsa
1205 3661 1309 3732 etiam
1327 3665 1433 3752 hypo·
