3184 5054
327 482 363 552 ni
379 504 472 572 erg0,
489 482 554 551 nisi
572 482 724 569 specialis
742 481 829 551 ratio
846 481 881 549 in
897 481 1106 550 eontrarium
1123 467 1232 566 cogat,
1250 476 1316 547 dici
1334 476 1423 545 idem

328 593 434 679 possit
455 594 497 661 de
518 592 649 661 duabus
670 591 852 678 suppositis
875 591 974 659 rectis
995 589 1092 657 lineis
1115 589 1197 667 AH,
1220 587 1312 655 AD?

400 704 518 788 Neque
542 702 597 769 hie
619 700 770 770 accusari
794 712 904 786 potest
928 699 1077 778 Clavius,
1102 700 1194 785 quod
1218 697 1342 766 Proelo
1365 719 1424 784 op

329 823 433 898 ponat
451 834 526 881 eam
546 811 751 881 Conchoidis
770 810 1020 896 proprietatem,
1041 830 1127 895 quae
1146 829 1266 894 nempe
1285 809 1424 875 demon·

329 921 429 990 strari
449 943 518 989 non
537 931 647 1006 potest
667 920 739 988 sine
759 920 959 1005 adiumento
979 917 1128 1005 plurium
1147 919 1423 993 Theorematum,

330 1031 561 1099 Pronunciato
585 1030 639 1097 hic
663 1041 883 1098 controverso
907 1029 1113 1097 innixorum.
1163 1027 1255 1094 Nam
1280 1026 1356 1094 dico
1381 1049 1424 1094 ex

330 1142 394 1208 hoc
420 1139 494 1227 ipso
520 1139 714 1208 confirmari
742 1139 811 1206 vim
840 1136 1090 1225 redargutionis
1118 1136 1318 1216 Clavianae;
1346 1134 1424 1223 quia

330 1249 455 1318 scilicet
477 1271 521 1316 ex
544 1248 603 1316 illo
625 1247 857 1317 Pronunciato
879 1257 1054 1334 assumpto
1077 1258 1115 1315 ut
1137 1269 1219 1314 vero
1241 1245 1424 1314 manifeste

329 1358 556 1445 consequitur,
585 1361 670 1426 duas
698 1358 803 1426 lineas
831 1358 867 1424 in
895 1357 1065 1424 infinitum
1091 1366 1292 1442 protractas,
1322 1375 1424 1424 unam

331 1478 467 1546 rectam,
484 1478 517 1535 et
533 1467 675 1535 alteram
690 1467 861 1545 inflexam,
879 1488 977 1552 posse
993 1488 1097 1534 unam
1113 1466 1157 1534 ab
1171 1466 1278 1534 altera
1295 1486 1426 1550 semper

330 1577 440 1664 magis
455 1577 610 1644 recedere
625 1576 715 1644 intra
729 1577 898 1662 quendam
914 1575 1047 1644 finitum
1062 1575 1324 1643 determinatum
1339 1573 1425 1641 limi-

330 1697 399 1754 tem
408 1709 416 1766 ;
432 1687 521 1755 unde
537 1686 653 1773 utique
669 1685 751 1754 oriri
768 1697 878 1772 potest
895 1684 1051 1770 suspicio,
1068 1707 1110 1752 ne
1127 1684 1235 1751 simile
1252 1683 1425 1770 quidpiam

330 1795 526 1883 contingere
541 1795 647 1881 possit
663 1795 697 1862 in
712 1795 842 1863 duabus
857 1793 954 1861 lineis
964 1794 1078 1872 rectis,
1095 1794 1159 1860 nisi
1175 1793 1273 1862 aliter
1287 1795 1426 1862 demon-

331 1914 465 1973 stretur.

402 2014 471 2082 Sed
492 2036 560 2081 non
583 2014 727 2094 idcire0;
748 2025 928 2100 postquam
949 2036 1014 2100 ego
1036 2015 1071 2079 in
1093 2015 1172 2082 Cor.
1196 2011 1426 2099 praecedentis

228 2211 231 2218 Ι
336 2117 393 2186 [31]
422 2122 670 2208 Propositionis
693 2123 915 2190 manifestam
938 2123 1010 2208 jam
1036 2122 1102 2190 ieci
1126 2122 1316 2191 absolutam
1340 2120 1426 2190 veri-

331 2242 436 2300 tatem
455 2231 629 2318 praecitati
649 2231 831 2318 assumpti;
850 2231 988 2300 transiri
1009 2232 1124 2300 statim
1144 2243 1254 2319 potest
1274 2234 1318 2300 ad
1337 2253 1426 2304 asse·

333 2342 476 2410 rendum
506 2341 774 2410 Pronunciatum
805 2342 887 2410 illud
918 2342 1149 2410 Euclidaeum.
1206 2341 1298 2409 Nam
1328 2352 1425 2410 antea

332 2450 558 2519 demonstrari
577 2450 679 2518 etiam
698 2461 879 2536 oporteret,
900 2453 991 2536 quod
1011 2452 1097 2519 duae
1117 2451 1193 2519 illae
1214 2438 1323 2519 rectae
1343 2450 1425 2526 AH.

333 2561 402 2640 BC,
425 2582 510 2646 quae
531 2582 609 2628 cum
630 2560 797 2629 incidente
819 2560 883 2626 AB
904 2563 990 2629 duos
1011 2562 1055 2628 ad
1076 2562 1212 2629 easdem
1234 2571 1346 2647 partes
1368 2583 1427 2628 an·

333 2670 430 2757 gulos
453 2669 599 2739 efficiant
622 2668 754 2738 duobus
779 2669 878 2738 rectis
902 2670 1068 2755 aequales,
1092 2681 1131 2739 ut
1154 2682 1235 2756 puta
1258 2681 1427 2758 utrunque

333 2791 472 2859 rectum,
493 2801 562 2848 non
583 2779 686 2848 etiam
705 2779 807 2865 ipsae,
829 2781 873 2848 ad
894 2801 950 2847 eas
971 2789 1083 2865 partes
1104 2779 1139 2848 in
1160 2780 1330 2848 infinitum
1350 2802 1427 2867 pro-

332 2900 469 2968 tractae,
497 2911 634 2974 semper
661 2888 772 2976 magis
803 2888 946 2956 invicem
975 2887 1144 2957 dissiliant
1173 2890 1264 2958 ultra
1291 2912 1428 2958 omnem

333 2996 464 3066 finitam
483 2998 721 3086 assignabilem
740 2997 946 3066 distantiam.
990 2999 1167 3086 Quatenus
1187 2999 1278 3067 enim
1296 3010 1427 3085 partem

333 3108 572 3176 affirmativam
599 3129 813 3192 praesumere
840 3107 915 3193 quis
943 3106 1041 3188 velit;
1068 3130 1153 3194 quae
1181 3109 1296 3195 utique
1323 3109 1437 3184 veris-¹

333 3216 419 3284 sima
441 3227 491 3284 est
513 3215 548 3284 in
570 3216 748 3303 liypothesi
770 3217 885 3304 anguli
909 3217 1016 3297 acuti;
1038 3240 1107 3285 non
1129 3217 1194 3287 erit
1216 3240 1297 3287 sane
1319 3219 1428 3307 legiti-

332 3347 426 3394 mum
453 3347 671 3411 consequens,
700 3328 791 3410 quod
819 3338 909 3394 recta
935 3325 1004 3393 AD
1031 3328 1284 3412 quomodolibet
1311 3351 1428 3396 secans

334 3434 497 3522 angulum
517 3434 637 3516 HAB;
657 3437 747 3503 unde
766 3457 886 3522 nempe
905 3436 1054 3504 minores
1075 3436 1158 3505 fiant
1177 3438 1309 3506 duobus
1330 3439 1428 3506 rectis

334 3545 403 3613 duo
424 3545 524 3612 simul
545 3546 589 3612 ad
610 3547 746 3612 easdem
767 3556 879 3631 partes
901 3544 1024 3613 interni
1046 3546 1161 3634 anguli
1184 3547 1293 3627 DAB,
1318 3548 1429 3628 CBA;

335 3655 436 3740 quod,
459 3654 607 3740 inquam
630 3676 670 3722 ea
692 3665 783 3722 recta
803 3653 881 3733 AD,
905 3654 940 3722 in
961 3654 1131 3724 infinitum
1153 3658 1318 3742 producta
1339 3657 1429 3726 coire

334 3765 471 3832 tandem
495 3763 614 3833 debeat
636 3786 713 3832 cum
737 3765 901 3850 producta
924 3763 1003 3845 BC;
1026 3764 1157 3833 etiamsi
1181 3765 1265 3834 alias
1290 3768 1429 3835 demon·
