3184 5054
723 531 1021 593 COROLLARIUM.

395 681 474 750 Hoc
490 692 605 751 autern
621 693 742 761 stante,
760 682 853 769 quod
869 690 1042 768 postremo
1058 680 1135 749 loco
1151 681 1425 748 demonstratum

326 801 387 871 est,
406 790 590 860 manifeste
608 790 835 878 consequitur,
856 792 942 860 duas
962 789 1036 858 illas
1057 789 1136 868 AX,
1158 788 1233 868 ΒΧ,
1254 788 1291 857 in
1310 785 1425 856 infini-

325 910 399 970 tum
412 911 611 987 protractas,
626 921 805 970 commune
818 900 958 969 tandem
971 899 1156 978 habituras,
1171 898 1225 967 vel
1240 899 1276 966 in
1290 898 1425 966 duobus

326 1009 494 1078 distinctis
511 1009 654 1096 punctis,
671 1011 725 1077 vel
743 1009 779 1078 in
795 1030 875 1089 un0,
893 1011 1080 1096 eodemque
1097 1018 1223 1094 puncto
1239 1007 1274 1075 X
1292 1006 1426 1075 infinite

327 1119 458 1198 dissito,
477 1119 762 1205 perpendiculum.
806 1119 958 1188 Rursum
975 1139 1068 1198 vero,
1087 1120 1180 1205 quod
1198 1117 1321 1185 nonin
1340 1118 1427 1185 duo-

327 1229 390 1296 bus
414 1228 581 1297 distinctis
604 1229 737 1314 punctis
761 1228 877 1296 haberi
901 1228 1009 1316 possit
1032 1248 1211 1296 commune
1235 1227 1326 1296 istud
1351 1248 1426 1314 per·

327 1338 553 1424 pendiculum,
577 1361 621 1406 ex
644 1361 686 1407 eo
708 1339 891 1407 manifeste
914 1338 1035 1424 liquet;
1059 1337 1139 1424 quia
1161 1348 1333 1406 caeterum
1362 1338 1427 1424 (ex

328 1448 407 1517 Cor.
431 1447 476 1514 II.
500 1459 576 1534 post
598 1448 734 1516 XXIII.
758 1447 882 1536 hujus)
910 1448 1095 1534 inciperent
1116 1447 1194 1516 inde
1216 1447 1292 1515 illae
1315 1457 1427 1515 rectae

328 1555 473 1625 invicem
501 1557 657 1636 dissilire,
685 1569 718 1626 et
746 1558 795 1625 sic
822 1578 931 1643 neque
958 1558 1003 1625 ad
1031 1556 1200 1626 infinitam
1228 1556 1427 1625 distantiam

328 1665 417 1734 inter
432 1688 468 1734 se
484 1677 741 1746 concurrerent3
757 1666 839 1752 quin
855 1665 959 1734 etiam
980 1667 1118 1753 (contra
1134 1688 1331 1752 expressam
1348 1687 1428 1751 sup-

329 1776 552 1862 positionem)
584 1797 652 1842 non
679 1777 723 1844 ad
749 1797 785 1844 se
812 1776 966 1855 invicem,
994 1775 1066 1844 sine
1092 1776 1163 1844 ullo
1189 1785 1282 1845 certo
1308 1775 1426 1845 limite.

330 1905 462 1971 semper
486 1885 596 1973 magis
621 1903 740 1953 versus
766 1907 823 1953 eas
849 1896 961 1971 partes
988 1886 1193 1953 accederent.
1245 1884 1365 1972 Itaque
1392 1885 1428 1953 in

329 2017 409 2074 uno,
430 1995 616 2080 eodemque
635 2005 761 2080 puncto
781 1994 814 2061 X
836 1993 966 2062 infinite
986 1995 1107 2063 dissito
1126 2015 1305 2063 commune
1326 1994 1427 2063 habe·

331 2114 405 2171 rent
424 2103 708 2190 perpendiculum.
733 2099 791 2167 [⁶³]

694 2408 935 2467 PROPOSITIO
955 2409 1065 2466 XXIX

333 2558 520 2648 Resumpta
532 2562 589 2648 fip.
612 2563 707 2649 (33.)
725 2562 957 2649 praecedentis
969 2563 1239 2651 Propositiouis:
1254 2564 1341 2634 Dico
1357 2587 1429 2635 om·

425 2691 502 2738 uem
532 2681 659 2740 rectam
689 2673 765 2754 AC,
796 2695 883 2759 quae
912 2683 1003 2742 secet
1032 2676 1194 2761 anpulum
1224 2674 1337 2756 BAX,
1368 2674 1429 2742 ah'·

423 2780 560 2866 quando
574 2782 620 2849 ad
630 2780 774 2868 fim'tam,
787 2804 848 2851 seu
862 2783 1076 2852 terminatam
1090 2781 1287 2853 distantiam
1307 2784 1429 2871 (etiam

424 2889 461 2956 iu
486 2890 665 2978 hypothesi
688 2891 807 2977 auyuli
830 2891 940 2979 acuti)
971 2915 1188 2962 occursuram
1212 2893 1279 2981 ipsi
1302 2894 1369 2961 ΒΧ
1393 2895 1431 2962 in

425 2999 573 3085 quodam
588 3009 713 3086 puncto
729 3001 770 3082 P,
786 3003 868 3070 dum
884 3011 1005 3090 nempe
1019 3001 1078 3070 illa
1091 3003 1156 3072 Ac
1172 3014 1306 3090 semper
1316 3004 1431 3090 mapis

425 3109 646 3194 protrahatur
668 3131 788 3178 versus
810 3121 925 3197 partes
947 3122 1151 3198 punctorum
1175 3114 1220 3180 X.

404 3266 677 3337 Demonstratur.
722 3269 768 3338 Et
787 3269 898 3355 primo
917 3270 1055 3356 quidem
1079 3271 1141 3359 (ne
1161 3284 1252 3341 recta
1271 3273 1336 3344 AC
1355 3295 1430 3360 spa·

335 3375 420 3444 tium
434 3375 570 3445 claudat
583 3399 661 3446 cum
675 3399 716 3446 ea
731 3377 820 3464 AX)
839 3391 994 3449 occurret
1008 3379 1081 3467 ipsa
1096 3383 1141 3450 ad
1157 3381 1288 3450 finitam
1303 3383 1431 3452 distan-

335 3484 419 3553 tiam
435 3485 534 3554 rectis
548 3485 626 3566 LK,
645 3487 729 3566 HK,
746 3487 818 3555 DK
833 3487 868 3555 in
884 3487 1087 3574 quibusdam
1101 3491 1235 3576 punctis
1252 3492 1290 3572 C,
1309 3491 1354 3573 N,
1373 3494 1414 3562 M
1423 3517 1432 3574 ;

335 3606 499 3675 occurret,
525 3593 673 3682 inquam,
699 3596 764 3664 nisi
789 3607 889 3666 antea
918 3597 982 3686 (ad
1007 3598 1139 3668 finitam
1162 3600 1279 3688 utique
1303 3603 1432 3672 distau-

336 3703 430 3783 tiam,
461 3716 562 3791 prout
593 3704 818 3792 intendimus)
853 3718 1010 3776 occurrat
1039 3699 1103 3794 ipsi
1134 3708 1199 3777 ΒΧ
1240 3710 1283 3778 in,
1317 3711 1433 3799 aliquo

336 3824 462 3900 puncto
481 3814 570 3883 inter
589 3825 751 3900 punctum
772 3815 811 3895 B,
833 3827 867 3885 et
887 3839 993 3886 unum
1014 3817 1152 3903 aliquod
1172 3807 1377 3904 punctorum
1397 3823 1433 3891 K

336 3923 530 3993 constituto.
576 3924 709 3994 Deinde
735 3925 798 4011 (ex
818 3926 896 3995 Cor.
918 3925 946 3994 I.
968 3937 1045 4012 post
1058 3926 1202 3997 XXIII.
1223 3929 1349 4019 hujus)
1374 3933 1433 4002 ob-

337 4031 404 4102 tusi
424 4045 523 4104 erunt
542 4033 658 4122 anguli
678 4033 787 4114 ACK‚
809 4034 926 4114 ANK,
948 4035 1069 4104 AMK.
1116 4037 1298 4109 Praeterea
1316 4043 1433 4130 anguli

337 4141 403 4222 isti,
428 4165 561 4230 semper
581 4143 704 4223 obtusi,
727 4145 887 4214 accedent
915 4145 977 4230 (ex
999 4148 1239 4237 praecedente)
1268 4149 1341 4220 sine
1364 4151 1435 4220 ullo

864 4281 905 4334 156
