3184 5054
402 388 558 458 Tandem
572 410 664 457 vero.
706 388 744 458 Si
759 399 828 456 tres
843 387 959 476 anguli
974 386 1139 475 propositi
1155 386 1317 474 trianguli
1334 385 1428 455 ABC

332 509 504 585 ponantur
522 497 672 567 minores
694 498 825 567 duobus
848 498 957 577 rectis,
980 497 1053 584 jam
1074 498 1222 566 duorum
1241 495 1428 583 triangulo-

224 643 226 646 ·
334 630 410 676 rum
426 608 536 687 ADB,
554 607 659 686 CDB,
677 629 796 676 omnes
813 607 913 676 simul
930 606 1046 694 anguli
1062 607 1213 675 minores
1230 616 1330 675 erunt
1347 627 1428 692 qua-

332 728 412 786 tuor
430 717 540 796 rectis‚
559 728 697 805 propter
716 718 802 785 duos
819 716 955 785 additos
973 727 1083 784 rectos
1101 715 1245 803 angulos
1263 716 1307 784 ad
1326 737 1429 802 punc·

332 837 407 895 tum
431 826 474 894 D.
523 827 602 894 Hoc
626 836 754 896 stante:
778 825 932 895 neutrius
954 827 1059 894 inodo
1083 825 1253 894 dictorum
1275 825 1429 912 triangu-

333 936 446 1004 lorum
461 947 531 1005 tres
548 935 649 1004 simul
666 935 782 1024 anguli
799 935 955 1022 aequales
972 945 1082 1014 erunt,
1101 944 1160 1004 aut
1175 933 1327 1022 majores
1346 935 1428 1002 duo·

333 1044 396 1113 bus
415 1044 515 1114 rectis
524 1068 532 1126 ;
549 1067 630 1114 nam
648 1044 696 1113 sic
713 1045 888 1114 viceversa
904 1043 1043 1113 alterius
1061 1043 1223 1131 trianguli
1239 1054 1310 1113 tres
1329 1042 1428 1111 simul

209 1209 213 1234 ,
333 1154 449 1242 anguli
473 1154 623 1223 minores
649 1155 765 1222 forent
789 1155 921 1223 duobus
946 1154 1054 1222 rectis.-
1105 1154 1221 1241 Quare
1251 1153 1315 1240 (ex
1338 1175 1429 1220 nona

334 1263 458 1350 huius)
488 1264 530 1333 ab
553 1286 622 1332 uno
646 1263 783 1350 quidem
806 1263 979 1350 triangulo
1002 1262 1209 1332 stabiliretur
1233 1261 1430 1351 hypothesis

334 1382 393 1441 aut
409 1373 524 1460 anguli
542 1372 634 1453 recti,
652 1383 711 1442 aut
727 1373 843 1460 anguli
860 1372 982 1452 obtusi,
1000 1383 1033 1441 et
1050 1373 1092 1442 ab
1108 1372 1216 1441 altero
1233 1371 1429 1460 hypothesis

334 1482 449 1569 anguli
470 1482 578 1563 acuti;
597 1484 689 1569 quod
710 1493 876 1570 repugnat
896 1481 1043 1569 quintae,
1065 1493 1191 1562 sextae,
1214 1493 1248 1550 et
1268 1481 1429 1568 septimae

334 1591 448 1677 hujus.
495 1590 607 1678 Igitur
628 1603 698 1661 tres
720 1591 821 1660 simul
843 1591 959 1678 anguli
981 1591 1157 1678 utriusque
1178 1591 1429 1678 praedictorum

334 1700 584 1788 triangulorum
604 1701 754 1769 minores
775 1711 875 1770 erunt
897 1701 1029 1769 duobus
1052 1700 1169 1782 rectis;
1191 1723 1231 1770 ae
1252 1711 1429 1787 propterea

340 1810 404 1897 (ex
427 1806 485 1875 [22]
508 1832 599 1879 nona
618 1810 742 1898 hujus)
768 1809 957 1880 stabilietur
975 1809 1172 1898 hypothesis
1192 1810 1307 1898 anguli
1328 1809 1426 1880 acuti.

335 1919 438 2006 Quod
455 1931 527 1989 erat
543 1919 645 1989 tertio
661 1920 737 1988 loco
753 1921 1065 1989 demonstrandum.

404 2027 524 2115 Itaque
547 2051 592 2096 ex
615 2029 764 2116 quolibet
787 2029 959 2116 triangulo
983 2029 1088 2108 ABC,
1112 2028 1213 2117 cujus
1236 2041 1305 2099 tres
1329 2029 1430 2098 simul

335 2137 450 2227 anguli
464 2138 621 2225 aequales
634 2139 712 2219 sint,
727 2149 787 2208 aut
799 2138 960 2224 majores,
977 2149 1035 2208 aut
1048 2138 1199 2207 minores
1213 2139 1345 2208 duobus
1361 2161 1430 2207 rec·

334 2247 389 2328 tis,
413 2247 583 2316 stabilitur
605 2248 789 2335 respective
812 2249 1009 2335 hypothesis
1032 2259 1091 2318 aut
1114 2248 1229 2336 anguli
1254 2249 1346 2328 recti,
1371 2260 1430 2318 aut

335 2357 450 2446 anguli
466 2357 588 2438 obtusi,
605 2369 664 2427 aut
680 2358 795 2445 anguli
812 2358 911 2427 acuti.
952 2357 1056 2445 Quod
1072 2369 1145 2426 erat
1161 2358 1382 2446 propositum.

732 2553 1031 2611 COROLLARIUM.

365 2690 368 2697 '
404 2681 498 2750 Hinc
507 2703 516 2763 ;
532 2691 706 2768 protracto
722 2705 791 2750 uno
808 2681 958 2768 quolibet
974 2681 1127 2769 cuiusvis
1143 2683 1308 2770 propositi
1325 2683 1431 2752 trian-

336 2790 405 2878 guli
421 2790 535 2870 latere‚
550 2801 587 2859 ut
601 2802 684 2878 puta
697 2791 761 2858 AB
776 2791 811 2859 in
826 2793 881 2873 H;
896 2790 960 2860 erit
980 2792 1043 2880 (ex
1059 2793 1111 2862 13.
1128 2792 1248 2880 primi)
1269 2803 1430 2862 externus

336 2900 480 2988 angulus
498 2901 598 2970 HBC
615 2911 674 2969 aut
690 2901 850 2988 aequalis,
869 2911 928 2970 aut
943 2901 1066 2981 minor,
1086 2913 1144 2971 aut
1161 2902 1277 2989 major
1293 2902 1430 2990 reliquis

337 3009 437 3078 simul
462 3009 613 3090 internis,
639 3021 673 3078 et
697 3010 861 3097 oppositis
886 3010 1019 3098 angulis
1044 3013 1088 3080 ad
1112 3023 1238 3098 puncta
1262 3012 1305 3090 A,
1331 3023 1365 3082 et
1390 3013 1429 3092 C,

336 3130 438 3206 prout
457 3140 539 3187 vera
561 3119 667 3188 fuerit
686 3120 883 3206 hypothesis
904 3131 963 3190 aut
983 3121 1099 3208 anguli
1119 3121 1212 3201 recti,
1235 3131 1294 3190 aut
1314 3122 1429 3209 anguli

337 3226 458 3308 obtusi,
479 3238 538 3297 aut
556 3228 671 3316 anguli
691 3228 790 3298 acuti.
834 3230 880 3298 Et
898 3228 1057 3298 vicissim.
