3184 5054
285 457 381 516 motu
398 448 512 535 genita
529 467 599 514 non
615 445 680 514 nisi
698 456 791 514 recta
806 445 896 513 linea
912 446 1080 513 censenda
1096 444 1149 511 sit.
1179 444 1248 512 Sed
1265 451 1380 529 quate-

286 580 350 627 nus
370 559 415 625 ad
435 556 680 643 experientiam
699 555 873 642 physicam
894 576 1080 642 provocare
1101 553 1155 622 hic
1175 553 1292 633 liceat;
1312 561 1380 619 tres

287 668 402 736 statim
424 666 569 734 afferam
591 665 897 733 demonstrationes
921 661 1315 751 Physico-Geometricas
1338 661 1381 729 ad

287 776 577 863 comprobandum
598 774 866 843 Pronunciatum
887 773 1118 843 Euclidaeum.
1153 771 1222 842 Ubi
1244 792 1313 839 non
1333 771 1382 837 lo·

288 906 375 972 quor
404 887 446 952 de
474 883 684 971 experientia
712 883 851 970 physica
879 885 1038 951 tendente
1066 882 1103 950 in
1133 879 1313 959 infinitum,
1344 902 1383 948 ac
1418 933 1419 938 η

288 1005 467 1082 propterea
483 993 580 1061 nobis
597 992 796 1080 impossibili
805 1015 814 1074 ;
831 992 940 1080 qualis
957 1013 1078 1078 nempe
1095 991 1324 1078 requireretur
1340 989 1383 1058 ad

289 1105 572 1192 cognoscendum,
600 1103 693 1188 quod
720 1113 845 1188 puncta
872 1101 987 1170 omnia
1014 1101 1153 1188 junctae
1182 1110 1292 1168 rectae
1320 1098 1384 1168 DC

290 1211 515 1298 aequidistent
534 1234 555 1280 a
574 1222 666 1280 recta
686 1211 760 1290 AB,
782 1233 869 1297 quae
889 1210 1091 1299 supponitur
1111 1210 1146 1278 in
1167 1211 1288 1279 eodem
1307 1230 1384 1278 cum

291 1322 364 1408 ipsa
388 1321 452 1390 DC
475 1322 577 1408 plano
600 1320 797 1389 consistens.
848 1320 939 1388 Nam
962 1320 1046 1387 mihi
1071 1319 1153 1387 satis
1178 1319 1242 1387 erit
1266 1319 1385 1387 unicus

291 1429 487 1499 individuus
510 1451 625 1512 casus;
648 1441 686 1499 ut
708 1440 800 1516 puta,
825 1429 853 1498 si
877 1429 997 1516 juncta
1019 1439 1110 1498 recta
1135 1429 1208 1508 DC,
1233 1449 1386 1515 assump

290 1549 393 1626 toque
420 1560 490 1608 uno
517 1539 631 1626 aliquo
659 1539 736 1625 ejus
764 1549 889 1625 puncto
918 1539 963 1618 N,
992 1538 1279 1625 perpendicularis
1308 1538 1384 1605 ΝΜ

291 1649 438 1716 demissa
457 1649 501 1716 ad
520 1648 709 1735 subjectam
729 1648 794 1715 AB
813 1648 1042 1734 comperiatur
1060 1669 1134 1716 esse
1153 1647 1303 1733 aequalis
1322 1647 1386 1734 ipsi

292 1758 366 1836 BD,
388 1757 459 1825 sive
479 1757 552 1826 AC.
597 1760 696 1826 Tunc
715 1758 806 1826 enim
826 1758 941 1844 anguli
962 1758 1041 1825 hinc
1061 1757 1140 1824 inde
1160 1758 1204 1825 ad
1225 1768 1386 1843 punctum

293 1867 328 1934 N
347 1866 504 1954 aequales
526 1867 641 1935 forent
666 1867 730 1954 (ex
750 1867 779 1934 1.
802 1867 926 1953 hujus)
952 1866 1086 1954 angulis
1106 1867 1169 1934 sibi
1189 1889 1387 1954 correspon-

293 1977 450 2045 dentibus
473 1977 517 2044 ad
540 1987 666 2062 puncta
688 1976 727 2056 C,
752 1987 785 2044 et
809 1977 852 2056 D,
877 1976 935 2062 qui
960 1998 1096 2045 rursum
1126 1977 1189 2064 (ex
1212 1978 1330 2046 eadem
1358 1977 1385 2043 1.

294 2085 416 2171 hujus)
440 2085 596 2173 aequales
615 2084 703 2154 inter
721 2108 758 2154 se
777 2086 901 2154 forent.
945 2086 1061 2173 Quare
1080 2087 1194 2173 anguli
1214 2087 1388 2155 hincinde

276 2197 338 2263 -ad
357 2206 520 2282 punctum
540 2195 584 2274 N,
605 2206 706 2281 atque
727 2194 803 2263 ideo
823 2195 926 2263 etiam
947 2195 1066 2282 reliqui
1087 2196 1155 2264 duo
1176 2196 1258 2264 recti
1278 2206 1386 2265 erunt

294 2303 406 2391 Igitur
420 2327 526 2372 unum
541 2304 738 2373 habebimus
754 2326 870 2372 casum
885 2327 948 2390 pro
963 2305 1141 2391 hypothesi
1157 2305 1273 2393 anguli
1290 2306 1389 2386 recti;

294 2435 334 2481 ac
353 2423 532 2500 propterea
556 2412 677 2500 (juxta
697 2413 860 2498 quintam,
882 2424 916 2481 et
937 2414 1239 2484 decimamtertiam
1259 2415 1383 2502 hujus)

295 2524 565 2591 demonstratum
580 2522 776 2591 habebimus
793 2523 1061 2592 Pronunciatum
1077 2524 1308 2594 Euclidaeum.
1327 2526 1390 2592 At-

295 2654 360 2718 que
386 2633 469 2700 haec
494 2653 567 2700 esse
593 2642 704 2718 potest
730 2631 840 2719 prima
866 2633 1112 2701 demonstratio
1140 2634 1389 2721 PhysicoGeo

295 2740 444 2810 metrica.

365 2852 520 2918 Transeo
537 2852 581 2920 ad
599 2852 790 2919 secundam.
834 2851 920 2919 Esto
939 2851 1178 2931 semicirculus,
1198 2853 1298 2940 cujus
1315 2877 1391 2922 cen-

296 2970 388 3028 trum
407 2961 450 3039 D,
470 2971 503 3028 et
520 2959 685 3028 diameter
702 2959 775 3028 AC.
821 2959 858 3030 Si
876 2982 959 3047 ergo
983 2961 1057 3048 (fig.
1082 2960 1153 3048 17.)
1179 2962 1214 3030 in
1233 2963 1309 3050 ejus
1328 2964 1391 3032 cir-

297 3069 524 3137 cumferentia
537 3080 730 3138 assumatur
745 3079 907 3156 punctum
921 3069 1058 3156 aliquod
1074 3071 1113 3150 B,
1130 3073 1174 3140 ad
1188 3075 1280 3158 quod
1295 3074 1391 3160 junc-

297 3189 352 3246 tae
369 3177 443 3257 AB,
463 3179 523 3248 CB
540 3178 792 3265 comperiantur
809 3177 981 3248 continere
999 3181 1162 3267 angulum
1182 3193 1320 3263 rectum,
1340 3190 1392 3251 s'a·

298 3287 342 3355 tis
357 3287 422 3356 erit
437 3287 491 3355 hic
505 3287 624 3356 unicus
639 3309 737 3356 casus
759 3288 879 3375 (prout
893 3289 1125 3357 demonstravi
1141 3290 1175 3358 in
1194 3291 1245 3359 18.
1263 3293 1387 3380 hujus)

298 3399 342 3465 ad
358 3396 592 3474 stabiliendam
607 3396 821 3483 hypothesim
837 3397 951 3485 anguli
968 3397 1060 3477 recti,
1077 3421 1117 3467 ac
1131 3411 1311 3487 propterea
1331 3404 1393 3491 (ex

299 3505 471 3593 praedicta
488 3507 538 3574 13.
555 3504 679 3592 hujus)
699 3507 748 3575 ad'
758 3507 1061 3576 demonstrandum
1076 3519 1196 3578 notum
1210 3510 1293 3580 illud
1309 3514 1394 3581 Pro·

299 3615 505 3684 nunciatum.
531 3611 588 3679 [³⁶]

372 3725 533 3811 Superest
573 3724 675 3793 tertia
717 3725 963 3793 demonstratio
1006 3726 1391 3813 Physico-Geometrica
