3184 5054
314 380 376 493 'sit
401 425 464 514 (ex
485 423 536 493 19.
557 424 677 512 primi)
701 424 775 512 ipsa
792 421 864 512 QS,
885 435 918 493 et
936 421 984 492 sic
1002 421 1111 494 multo
1128 421 1243 511 major
1262 421 1335 512 ipsa
1356 420 1428 501 BT,

333 535 405 604 sive
425 535 508 616 CN;
529 546 684 603 sumatur
705 534 740 603 in
761 533 818 603 FS
839 534 952 620 portio
973 534 1018 604 IS
1039 534 1189 620 aequalis
1211 533 1275 620 ipsi
1298 533 1374 612 CN,
1396 543 1431 600 et

333 667 377 712 ex
393 655 520 731 puncto
537 644 553 710 I
572 644 724 733 erigatur
740 645 784 712 ad
801 643 858 713 FS
875 643 1162 730 perpendicularis
1180 643 1232 710 IR
1249 664 1431 712 occurrens

333 754 368 821 in
394 765 520 840 puncto
546 753 580 829 R
605 753 669 840 ipsi
696 753 766 823 AS.
819 753 926 822 Cadet
953 764 1067 821 autem
1092 763 1256 839 punctum
1283 753 1315 820 R
1341 753 1431 820 inter

333 874 457 951 puncta
472 863 515 942 A,
532 874 566 932 et
582 864 624 933 S:
641 862 669 930 si
685 863 777 931 enim
790 863 926 931 caderet
941 863 978 930 in
991 862 1129 948 aliquod
1145 873 1309 948 punctum
1323 861 1430 948 ipsius

333 973 407 1053 AF,
432 972 633 1040 haberemus
657 973 692 1039 in
715 973 835 1040 eodem
858 971 1031 1060 triangulo
1061 972 1199 1058 (contra
1226 969 1277 1039 17.
1302 969 1424 1059 primi)

333 1083 420 1150 duos
448 1082 592 1168 angulos
620 1081 771 1167 majores
801 1081 933 1149 duobus
964 1080 1073 1160 rectis,
1104 1102 1182 1149 cum
1210 1080 1355 1167 angulus
1384 1081 1430 1147 ad

332 1202 495 1279 punctum
516 1191 545 1258 F
566 1211 685 1259 versus
706 1202 819 1277 partes
840 1190 956 1278 puncti
978 1190 1012 1256 A
1032 1201 1188 1258 ostensus
1210 1190 1283 1276 jam
1306 1189 1349 1257 sit
1369 1189 1430 1257 ob-

332 1312 438 1368 tusus.

402 1410 486 1478 Post
499 1420 633 1478 tantum
648 1421 850 1496 apparatum
864 1408 912 1477 sic
927 1409 1101 1478 conclude
1141 1407 1429 1497 Quandoquidem

332 1518 368 1587 in
382 1519 613 1605 quadrilatero
628 1517 749 1587 AOIR
764 1518 846 1587 recti
860 1529 940 1586 sunt
954 1518 1070 1605 anguli
1085 1519 1129 1586 ad
1144 1528 1270 1606 puncta
1284 1517 1328 1597 O,
1344 1528 1378 1586 et
1394 1516 1430 1598 I;

331 1638 365 1697 et
379 1640 430 1697 est
444 1640 562 1697 acutus
577 1627 722 1715 angulus
742 1627 806 1716 (ex
823 1626 874 1696 17.
890 1627 1011 1715 primi)
1031 1628 1076 1695 ad
1090 1637 1253 1714 punctum
1268 1627 1311 1706 A,
1328 1648 1430 1712 prop

332 1749 384 1806 ter
400 1748 529 1806 rectum
544 1738 708 1826 angulum
724 1736 839 1818 AOS;
854 1759 894 1805 ac
911 1759 1046 1805 rursum
1062 1748 1113 1806 est
1128 1737 1269 1805 obtusus
1292 1736 1356 1823 (ex
1375 1737 1427 1804 16.

336 1843 393 1910 [62]
413 1846 569 1933 ejusdem
583 1847 704 1932 primi)
726 1846 871 1932 angulus
888 1845 984 1925 IRA,
1002 1868 1080 1914 cum
1096 1857 1206 1914 rectus
1223 1845 1267 1914 sit
1282 1845 1429 1933 angulus

332 1956 429 2026 RIS:
448 1977 656 2042 consequens
675 1957 813 2024 tandem
830 1967 882 2025 est
905 1957 969 2042 (ex
987 1956 1065 2025 Cor.
1086 1955 1131 2022 II.
1152 1967 1229 2043 post
1248 1957 1278 2023 3.
1298 1954 1423 2042 hujus)

331 2077 370 2135 ut
387 2066 475 2134 latus
493 2066 561 2136 AO
579 2066 693 2151 majus
712 2066 755 2133 sit
774 2066 878 2133 latere
896 2066 957 2133 IR.
1000 2066 1048 2133 At
1071 2065 1209 2152 (juncta
1228 2065 1315 2152 OQ)
1339 2065 1428 2133 latus

332 2175 400 2264 AQ
414 2175 529 2263 majus
545 2187 596 2244 est
616 2175 680 2262 (ex
698 2175 748 2242 18.
765 2174 886 2261 primi)
907 2175 1011 2243 latere
1027 2174 1095 2244 AO
1111 2185 1249 2260 propter
1265 2174 1427 2261 angulum

331 2284 491 2353 obtusum
508 2285 543 2352 in
562 2284 605 2364 Ο,
625 2307 703 2353 cum
720 2284 865 2371 angulus
884 2280 980 2354 AOS
1001 2283 1113 2352 factus
1132 2283 1176 2352 sit
1196 2295 1314 2352 rectus.
1359 2283 1429 2370 Igi-

331 2406 389 2462 tur
413 2404 504 2462 reeta
527 2395 596 2481 AQ
618 2394 727 2462 multo
750 2393 865 2480 major
889 2393 954 2462 erit
979 2405 1070 2462 recta
1094 2393 1155 2472 IR,
1182 2393 1253 2461 sive
1283 2394 1347 2481 (ex
1370 2393 1426 2461 26.

331 2503 452 2590 primi)
473 2514 564 2572 recta
581 2504 661 2582 MC,
678 2514 711 2571 et
727 2503 775 2571 sic
789 2503 898 2572 multo
913 2503 1028 2591 major
1043 2514 1134 2571 recta
1150 2503 1225 2582 AB,
1241 2523 1320 2590 pars
1336 2513 1428 2583 toto,

331 2614 423 2700 quod
442 2624 493 2681 est
511 2612 705 2682 absurdum.

402 2724 482 2791 Non
503 2723 608 2811 igitur
627 2723 715 2791 ullus
735 2721 902 2811 assignari
924 2733 1034 2808 potest
1054 2722 1199 2809 angulus
1220 2722 1337 2802 MNC,
1359 2744 1428 2810 quo

331 2854 464 2920 semper
479 2832 593 2920 major
608 2831 661 2912 sit,
678 2843 737 2901 aut
752 2832 872 2901 saltem
887 2854 957 2900 non
971 2831 1085 2899 minor
1100 2853 1258 2901 excessus
1274 2831 1428 2919 cujusvis

332 2963 376 3008 ex
407 2942 589 3028 praedictis
620 2941 754 3028 angulis
785 2941 915 3010 obtusis
946 2963 1049 3026 supra
1080 2941 1243 3028 angulum
1286 2952 1425 3010 rectum.

331 3052 447 3138 Quare
468 3050 584 3139 anguli
606 3050 653 3118 illi
674 3050 795 3130 obtusi,
817 3050 927 3137 magr's
948 3073 987 3118 ac
1006 3049 1117 3138 magis
1138 3050 1303 3118 distantes
1323 3051 1366 3119 ab
1386 3073 1428 3120 eo

330 3172 456 3248 puncto
472 3161 515 3240 A,
532 3182 663 3246 semper
678 3160 788 3247 magis
804 3160 876 3227 sine
892 3160 962 3228 ullo
978 3170 1071 3228 certo
1086 3159 1192 3227 limite
1208 3161 1368 3229 accedent
1383 3162 1427 3228 ad

253 3276 255 3282 '
330 3270 568 3356 aequalitatem
583 3291 661 3338 cum
674 3269 801 3358 angulo
816 3280 916 3337 recto.
958 3269 1061 3355 Quod
1076 3279 1149 3336 erat
1164 3279 1338 3356 postremo
1351 3270 1427 3339 loco

331 3380 643 3448 demonstrandum.
