3174 5050
688 548 929 606 PROPOSITIO
944 549 1028 604 XIII.

311 693 352 762 Si
370 704 462 762 recta
480 694 547 760 ΧΑ
576 694 822 781 (quantaelibet
841 692 1037 780 designatae
1056 691 1298 780 lonqitndinis)
1324 687 1407 760 inci-

403 805 488 871 dens
504 803 541 871 in
558 804 644 871 dnos
662 813 772 872 rectos
788 803 868 883 AD,
887 804 963 884 XL,
984 800 1106 890 efficiat
1122 824 1198 870 curn
1219 801 1345 869 eisdem
1363 801 1407 869 od

405 913 539 981 eosdem
568 923 684 999 portes
718 912 793 999 (fip.
827 912 900 999 11.)
935 913 1080 999 onpnios
1108 908 1261 979 internos
1290 911 1406 992 XAD,

403 1022 503 1088 AXL
517 1021 668 1090 minores
681 1023 814 1091 dnobns
826 1020 945 1090 rectis:
960 1021 1047 1103 dico,
1060 1020 1138 1089 illos
1150 1022 1236 1089 dnos
1255 1018 1409 1107 (etiamsi

406 1141 527 1200 neuter
556 1132 693 1199 iliorum
725 1133 929 1218 onpntornm
959 1131 1006 1199 sit
1034 1130 1165 1217 rectus)
1204 1130 1340 1198 tandem
1370 1128 1407 1197 in

405 1240 518 1327 oliqno
538 1251 663 1328 pnncto
685 1243 729 1310 od
747 1251 863 1328 partes
881 1240 1019 1308 iliorum
1039 1240 1242 1326 onpniornnn
1263 1237 1407 1308 invicem

407 1350 564 1432 coituros,
587 1350 775 1439 etquidem
797 1353 841 1419 ad
860 1349 1003 1437 finitam,
1023 1372 1084 1418 sen
1105 1349 1320 1417 terminatam
1341 1346 1409 1417 dis·

407 1459 558 1542 tontiom,
582 1461 663 1528 dnm
684 1458 848 1529 consistat
868 1462 1032 1529 alterutra
1053 1458 1250 1548 hypothesis
1270 1469 1330 1526 ont
1350 1481 1409 1527 on·

406 1570 479 1656 puli
496 1569 590 1651 recti,
610 1581 670 1638 ant
688 1569 806 1656 onpnti
825 1568 945 1637 obtusi.

385 1753 657 1821 Demonstratur.
704 1753 796 1821 Nam
816 1775 904 1822 unus
924 1752 1176 1839 praedictorum
1195 1751 1408 1840 angulorum,

316 1872 353 1930 ut
374 1873 456 1947 puta
478 1861 587 1941 AXL,
609 1862 674 1931 erit
695 1874 823 1931 acutus.
870 1862 989 1949 Itaque
1010 1885 1055 1931 ex
1076 1863 1170 1949 apice
1191 1861 1330 1930 alterius
1351 1883 1411 1930 an-

316 1971 387 2058 guli
409 1971 607 2040 demittatur
627 1973 671 2040 ad
693 1972 758 2039 XL
780 1971 1066 2058 perpendicularis
1089 1971 1163 2051 ΑΡ,
1186 1993 1272 2058 quae
1294 1971 1410 2058 utique

322 2081 480 2167 (propter
503 2081 849 2168 decimumseptimam
873 2081 993 2167 primi)
1023 2082 1121 2150 cadet
1145 2082 1189 2149 ad
1213 2091 1327 2167 partes
1352 2102 1411 2148 an·

316 2190 386 2277 guli
401 2190 491 2258 acuti
506 2190 615 2257 AXL.
656 2189 829 2277 Quoniam
843 2191 948 2278 igitur
963 2192 997 2259 in
1011 2191 1184 2278 triangulo
1199 2190 1309 2270 APX,
1327 2200 1411 2258 rect-

317 2300 442 2387 angulo
459 2300 493 2366 in
511 2301 549 2378 P,
567 2301 636 2368 duo
651 2300 751 2369 simul
768 2301 884 2388 anguli
901 2300 991 2369 acuti
1008 2300 1117 2380 PAX,
1135 2300 1245 2380 PXA,
1262 2300 1411 2369 minores
1539 2336 1541 2340 ·

317 2431 386 2476 non
408 2418 487 2478 sunt
515 2411 579 2497 (ex
600 2432 691 2478 nona
712 2409 837 2496 hujus)
865 2433 934 2478 uno
956 2421 1058 2489 rect0‚
1083 2410 1118 2478 in
1140 2421 1283 2496 utraque
1305 2409 1411 2497 hypo

317 2519 403 2586 thesi
420 2530 479 2586 aut
495 2519 611 2607 anguli
629 2520 719 2599 recti,
738 2531 797 2588 aut
814 2519 929 2607 anguli
946 2519 1057 2588 obtusi
1067 2542 1075 2601 ;
1092 2519 1119 2587 si
1137 2521 1207 2590 duo
1223 2519 1278 2588 isti
1296 2519 1411 2606 anguli

311 2628 521 2726 'auferantur
544 2629 579 2696 in
603 2651 736 2697 summa
759 2630 963 2717 angulorum
986 2629 1240 2716 propositorum
1264 2628 1337 2715 jam
1362 2652 1412 2697 re·

318 2738 429 2825 liquus
449 2739 593 2826 angulus
613 2739 712 2806 PAD
731 2739 845 2807 minor
863 2739 927 2807 erit
947 2750 1047 2807 recto.
1093 2739 1213 2826 Itaque
1232 2738 1358 2808 erimus
1378 2738 1412 2805 in

318 2870 399 2916 casu
426 2849 571 2917 duarum
598 2849 871 2936 praecedentium
900 2849 1187 2935 Propositionum,
1217 2850 1299 2918 dum
1326 2849 1414 2916 scili-

318 2969 371 3026 cet
398 2958 561 3026 alterutra
588 2957 785 3044 hypothesis
812 2957 975 3026 consistat
1000 2968 1061 3028 aut
1087 2958 1203 3046 anguli
1233 2959 1325 3037 recti,
1355 2969 1414 3028 aut

318 3067 434 3154 anguli
459 3066 580 3136 obtusi.
631 3069 747 3154 Quare
778 3067 841 3153 (ex
865 3067 1012 3154 eisdem)
1044 3078 1154 3137 rectae
1179 3068 1257 3148 AD,
1284 3079 1318 3136 et
1343 3069 1411 3146 PL,

319 3177 390 3244 sive
410 3177 485 3256 XL,
506 3177 541 3243 in
561 3176 675 3262 aliquo
694 3188 820 3263 puncto
840 3177 964 3256 finitae,
987 3199 1046 3247 seu
1066 3177 1267 3246 terminatae
1286 3178 1413 3247 distan-

319 3287 386 3354 tiae
406 3288 449 3354 ad
469 3297 567 3354 notas
592 3283 650 3350 [17]
674 3297 786 3372 partes
806 3298 1017 3366 concurrent,
1038 3297 1109 3356 tam
1129 3288 1289 3366 sabana,
1312 3309 1414 3375 quam

320 3397 383 3464 sub
397 3396 503 3463 altera
518 3396 767 3481 praedictarum
781 3396 1028 3483 hypothesium.
1069 3396 1173 3484 Quod
1188 3408 1261 3465 erat
1276 3398 1415 3466 demon-

320 3506 506 3573 strandum.
