3174 5050
417 501 689 571 Demonstratur.
733 499 769 570 Si
787 499 877 568 enim
895 511 985 570 recta
1002 498 1065 570 CD
1083 495 1232 587 aequalis
1249 497 1293 568 sit
1309 508 1442 567 contra-

347 613 477 700 positae
493 612 568 691 AB,
586 623 620 681 et
635 610 855 679 nihilominus
872 610 988 697 anguli
1005 609 1049 678 ad
1065 610 1209 678 eandem
1225 608 1293 676 sint
1309 620 1369 676 aut
1384 609 1442 676 ob

348 722 425 802 tusi,
446 733 505 790 aut
524 721 632 802 acuti3
651 721 724 807 jam
744 720 807 806 ipsi
828 720 912 788 tales
932 719 1047 806 anguli
1067 741 1143 787 eam
1163 718 1354 804 probabunt
1380 717 1443 804 (ex

347 831 586 919 praecedente)
613 853 683 898 non
704 829 888 916 aequalem,
912 831 972 897 sed
991 829 1171 907 minorem,
1194 838 1253 896 aut
1273 827 1442 913 majorem

347 941 578 1027 contraposita
596 941 659 1007 AB
669 963 677 1021 ;
696 940 788 1026 quod
807 950 858 1007 est
876 939 1061 1007 absurdum
1080 949 1200 1006 contra
1216 936 1440 1024 hypothesim.

348 1051 445 1119 Idem
464 1050 685 1119 uniformiter
704 1041 794 1116 valet
813 1049 902 1116 circa
922 1048 1069 1134 reliquos
1089 1068 1196 1115 casus.
1243 1048 1319 1116 Stat
1338 1045 1443 1134 igitur

347 1161 491 1246 angulos
510 1160 553 1227 ad
572 1160 726 1246 junctam
746 1158 809 1227 CD
828 1179 901 1226 esse
919 1168 978 1225 aut
997 1167 1116 1235 rectos,
1137 1167 1196 1224 aut
1214 1156 1364 1234 obtusos,
1384 1166 1443 1223 aut

347 1280 474 1348 acutos,
490 1280 591 1355 prout
606 1279 697 1336 recta
712 1268 775 1337 CD
790 1268 939 1353 aequalis
957 1267 1071 1345 fuerit,
1087 1277 1146 1334 aut
1159 1266 1282 1345 minor,
1298 1276 1358 1334 aut
1371 1287 1443 1332 ma-

347 1379 405 1465 jor
425 1379 655 1464 contraposita
676 1377 749 1443 AB.
797 1378 900 1464 Quod
922 1387 994 1444 erat
1015 1377 1327 1443 demonstrandum.

746 1573 1043 1631 DEFINITIONES.

417 1702 703 1790 Quandoquidem
721 1704 784 1790 (ex
801 1703 911 1790 prima
920 1703 1043 1789 hujus)
1060 1713 1150 1770 recta
1167 1703 1315 1790 jungens
1332 1713 1443 1771 extre-

346 1812 481 1881 mitates
502 1813 694 1899 aequalium
715 1813 1032 1898 perpendiculorum
1054 1813 1163 1880 eidem
1185 1823 1294 1880 rectae
1322 1812 1443 1898 (quarn

347 1921 543 1990 vocabimus
571 1922 698 2008 basim)
732 1921 968 2000 insistentium,
998 1921 1154 2008 aequales
1182 1917 1356 1989 ef-[6lficit
1384 1943 1442 1989 an-

348 2032 446 2118 gulos
465 2053 543 2100 cum
563 2031 644 2117 ipsis
664 2031 929 2118 perpendiculis;
948 2042 1017 2098 tres
1037 2031 1164 2098 idcirco
1184 2031 1443 2118 distinguendae

348 2151 427 2210 sunt
441 2143 643 2228 hypotheses
659 2142 748 2209 circa
762 2141 907 2226 speciem
922 2142 1045 2208 horum
1060 2141 1273 2228 angulorum.
1315 2141 1360 2208 Et
1375 2141 1443 2226 pri-

347 2273 439 2319 mam
463 2251 599 2337 quidem
623 2251 798 2337 appellabo
822 2251 1037 2337 hypothesim
1060 2250 1177 2336 anguli
1202 2251 1301 2331 recti;
1326 2273 1442 2318 secun·

348 2362 428 2429 darn
444 2382 536 2440 vero,
555 2372 589 2429 et
601 2360 741 2428 tertiam
760 2361 935 2445 appellabo
953 2359 1167 2446 hypothesim
1185 2359 1300 2446 anguli
1319 2360 1441 2438 obtusi,

347 2481 381 2537 et
399 2469 614 2557 hypothesim
633 2469 749 2556 anguli
769 2469 868 2538 acuti.

747 2667 988 2725 morosrrro
1007 2669 1054 2753 y.¹

347 2795 387 2862 H
386 2795 561 2881 ypothesis
577 2797 695 2883 unpuli
711 2796 804 2888 recti,
821 2797 924 2866 rivel
940 2797 977 2866 in
993 2820 1061 2866 uno
1081 2819 1161 2866 cusu
1179 2808 1230 2866 est
1246 2819 1338 2879 vero,
1356 2820 1442 2865 sem·
1472 2781 1476 2792 ’

438 2915 500 2992 per
515 2904 552 2973 in
570 2904 664 2974 omni
680 2929 760 2974 casu
776 2907 835 2974 illa
850 2909 925 2975 sola
941 2917 992 2975 est
1008 2928 1099 2976 vera.

418 3066 689 3134 Demonstratur.
736 3066 871 3135 Efficiat
892 3065 1010 3153 juncta
1031 3068 1094 3136 CD
1122 3067 1196 3154 (fig.
1220 3068 1272 3153 4.)
1300 3068 1442 3155 angulos

349 3185 457 3242 rectos
471 3197 549 3243 cum
563 3176 694 3245 duobus
709 3175 883 3262 quibusvis
897 3177 1092 3263 aequalibus
1107 3177 1353 3263 perpendiculis
1368 3177 1440 3245 AC.

348 3284 423 3362 BD,
441 3283 499 3352 uni
517 3284 623 3353 cuivis
640 3285 704 3352 AB
721 3285 961 3354 insistentibus.
1003 3285 1081 3355 Erit
1099 3287 1162 3356 CD
1184 3287 1248 3374 (ex
1263 3287 1365 3355 tertia
1381 3289 1442 3356 hu·

347 3393 424 3479 jus)
447 3394 596 3481 aequalis
614 3394 677 3480 ipsi
694 3394 767 3462 AB.
812 3395 999 3464 Sumuntur
1015 3396 1051 3463 in
1068 3394 1142 3474 Ac,
1160 3407 1193 3464 et
1210 3397 1275 3463 BD
1293 3407 1443 3482 protrac-

348 3503 392 3571 tis
415 3504 502 3572 duae
525 3503 597 3584 CR,
622 3505 700 3584 DX,
724 3505 881 3591 aequales
904 3505 986 3590 ipsis
1008 3505 1083 3584 Ac,
1107 3506 1190 3587 BD;
1212 3504 1443 3594 jungaturque

348 3612 425 3680 RX.
468 3613 581 3682 Facile
599 3615 816 3682 ostendemus
833 3613 988 3701 junctam
1005 3615 1073 3682 RX
1091 3615 1266 3701 aequalem
1285 3616 1361 3685 iore
1379 3615 1442 3703 ipsi

349 3721 423 3802 AB,
442 3733 475 3789 et
492 3722 635 3810 angulos
653 3722 698 3791 ad
714 3725 857 3792 eandem
875 3735 993 3792 rectos.
1038 3725 1083 3793 Et
1101 3723 1211 3811 primo
1230 3725 1366 3811 quidem
1384 3745 1443 3812 per
