3174 5050
383 394 445 466 Sin
463 415 546 462 vero
564 391 709 480 angulus
728 388 837 469 CAD,
857 387 929 457 sive
947 385 1024 474 ejus
1043 387 1087 455 ad
1106 384 1268 454 verticem
1286 381 1404 459 XAH,

312 505 426 574 minor
440 505 494 584 sit,
510 513 569 572 aut
583 501 699 587 major
712 500 857 578 interno,
872 508 908 567 et
920 495 1078 584 opposito
1092 494 1210 576 ADB;
1224 493 1290 562 erit
1304 492 1407 561 etiam

319 615 383 703 (ex
401 608 826 702 vigesimaquartaprimi)
851 607 970 694 juncta
989 607 1054 676 CD
1072 604 1194 683 minor,
1216 614 1276 672 aut
1293 600 1408 688 major
1491 629 1493 632 ’

315 724 388 812 ipsa
410 722 492 804 AB;
514 743 554 790 ac
575 730 755 808 propterea
783 719 846 804 (ex
868 726 990 803 quarta
1012 713 1136 801 hujus)
1165 735 1247 781 vera
1268 711 1335 781 erit
1357 731 1408 778 re·

315 833 462 922 spective
486 826 682 920 hypothesis
708 838 766 896 aut
792 825 908 914 anguli
934 823 1056 904 obtusi,
1082 833 1142 892 aut
1166 821 1281 910 anguli
1307 818 1397 889 acuti

315 944 413 1032 Quae
431 940 547 1011 omnia
563 949 662 1007 erant
678 935 952 1006 demonstranda.

707 1156 947 1215 PROPOSITIO
967 1156 1018 1213 IX.

318 1300 483 1390 Cujusvis
502 1302 664 1391 trianpuh
682 1303 872 1390 rectanpuh'
890 1301 1012 1390 reliqui
1032 1302 1100 1370 duo
1121 1299 1212 1370 acuti
1230 1298 1348 1387 eupuli
1366 1297 1407 1367 si

409 1413 482 1481 mul
506 1413 634 1500 sumpti
660 1415 818 1501 aequales
843 1422 924 1480 sunt
950 1411 1011 1479 uni
1037 1420 1141 1492 recto,
1169 1409 1206 1478 in
1234 1407 1411 1498 hypothesi

410 1523 528 1610 onpuh'
544 1521 629 1592 recti
631 1546 645 1605 ,·
663 1523 816 1609 majores
832 1544 901 1590 uno
921 1532 1024 1602 recto,
1043 1519 1081 1588 in
1099 1519 1279 1608 hypothesi
1297 1517 1413 1605 eupuli

412 1632 540 1715 obtusi;
561 1631 712 1700 minores
732 1642 846 1700 autem
868 1630 905 1699 in
927 1629 1106 1718 hypothesi
1127 1627 1245 1716 eupuli
1266 1626 1365 1696 acuti.

289 1839 292 1847 ·
389 1804 662 1875 Demonstratur.
710 1805 747 1876 Si
768 1807 858 1874 enim
878 1805 1024 1895 angulus
1043 1805 1151 1874 XAH
1178 1807 1355 1892 (manente
1376 1803 1415 1870 fi-

320 1935 406 2000 gura
424 1915 608 2002 superioris
628 1915 895 2002 Propositionis)
919 1915 1068 2002 aequalis
1085 1926 1137 1984 est
1161 1914 1352 2002 (nimirum,
1371 1936 1415 1982 ex

320 2025 550 2109 praecedente,
568 2025 603 2093 in
618 2025 797 2112 hypothesi
813 2025 928 2112 anguli
944 2025 1046 2111 recti)
1067 2025 1193 2111 angulo
1210 2023 1326 2105 ADB;
1342 2023 1415 2110 jam
1533 2023 1534 2026 ’

321 2133 466 2220 angulus
480 2132 579 2200 ΑΗΒ
594 2136 680 2203 duos
694 2146 803 2203 rectos
816 2134 937 2203 efficiet
950 2156 1027 2203 cum
1041 2133 1168 2222 angulo
1181 2133 1299 2213 HAD,
1315 2143 1416 2220 prout

321 2262 380 2309 eos
409 2241 510 2312 efficit
544 2243 608 2331 (ex
637 2243 869 2312 decimatertia
896 2243 1016 2330 primi)
1050 2243 1242 2331 praedictus
1271 2243 1416 2330 angulus

323 2351 430 2419 XAH
453 2373 531 2421 cunr
553 2355 674 2421 eodem
696 2353 823 2441 angulo
847 2352 964 2421 HAD.
1012 2353 1138 2440 Quare,
1163 2354 1302 2440 dempto
1325 2363 1417 2420 recto

322 2461 450 2549 angulo
477 2461 589 2541 ΗΑΒ,
619 2463 775 2549 aequales
801 2463 987 2531 manebunt
1012 2461 1072 2532 uni
1100 2473 1192 2530 recto
1220 2464 1290 2531 duo
1317 2461 1417 2530 simul

323 2570 439 2658 anguli
463 2570 572 2651 ADB,
596 2582 630 2639 et
653 2571 761 2639 BAD.
809 2572 913 2659 Quod
935 2583 1008 2640 erat
1031 2571 1188 2659 primum.

393 2681 484 2750 Tum
501 2702 601 2762 vero;
619 2679 647 2748 si
666 2681 811 2768 angulus
830 2680 938 2749 XAH
957 2680 1071 2749 minor
1088 2692 1139 2749 est
1163 2680 1355 2769 (nimirum,
1374 2703 1418 2748 ex

324 2791 554 2876 praecedente,
582 2791 617 2858 in
644 2791 822 2878 hypothesi
849 2790 965 2878 anguli
992 2790 1123 2877 obtusi)
1155 2791 1281 2878 angulo
1308 2790 1417 2861 ΑΗΒ.

325 2899 399 2986 jam
427 2900 572 2987 angulus
602 2899 701 2967 ΑΗΒ
730 2901 909 2987 plusquam
938 2886 1026 2969 duos¹
1055 2912 1164 2969 rectos
1194 2901 1314 2968 efficiet
1342 2921 1419 2969 cum

247 3059 250 3065 -
325 3009 453 3096 angulo
473 3009 591 3089 HAD,
612 3031 690 3078 cum
711 3031 778 3096 quo
799 3010 885 3078 duos
907 3010 1007 3077 efficit
1029 3021 1138 3077 rectos
1164 3009 1228 3097 (ex
1248 3010 1420 3097 praedicta

326 3118 558 3187 decimatertia
577 3118 698 3205 primi)
725 3119 869 3207 angulus
890 3118 1008 3186 XAH.
1054 3119 1180 3206 Quare,
1204 3120 1341 3207 dempto
1362 3142 1420 3189 an-

327 3226 409 3314 gulo
434 3227 547 3307 HAB,
573 3228 724 3315 majores
749 3238 849 3296 erunt
873 3251 942 3296 uno
968 3239 1060 3296 recto
1085 3230 1155 3296 duo
1179 3228 1280 3298 simul
1306 3229 1420 3317 anguli

328 3335 438 3416 ADB,
457 3348 490 3405 et
509 3337 617 3405 ΒΑΗ.
661 3337 765 3424 Quod
784 3348 857 3405 erat
876 3338 1071 3406 secundum.

398 3447 563 3526 Tandem,
589 3447 617 3514 si
643 3447 788 3534 angulus
814 3446 922 3515 XAH
947 3447 1062 3534 major
1086 3445 1130 3516 sit
1161 3447 1352 3534 (nimirum,
1379 3472 1422 3518 ex

328 3555 558 3642 praecedente,
574 3555 609 3623 in
623 3555 802 3644 hypothesi
816 3556 931 3643 anguli
945 3556 1056 3644 acuti)
1077 3557 1203 3644 angulo
1218 3558 1335 3638 ADB;
1349 3557 1423 3646 jam

330 3666 474 3752 angulus
489 3665 588 3733 ΑΗΒ
602 3665 715 3734 minus
729 3687 832 3752 quam
847 3667 932 3734 duos
949 3676 1058 3733 rectos
1072 3665 1192 3735 efficiet
1206 3689 1284 3736 cum
1296 3669 1424 3756 angulo

331 3773 448 3855 ΗΑΗ,
474 3796 552 3844 curn
577 3796 645 3862 quo
670 3776 756 3844 duos
781 3774 881 3844 efficit
907 3785 1016 3843 rectos
1047 3774 1110 3862 (ex
1135 3777 1253 3844 eadem
1279 3777 1424 3847 decima-
