3184 5054
359 454 437 525 usui
461 477 534 524 esse
557 452 677 525 debeat
699 451 745 524 ad
768 451 964 524 ulteriorem
987 475 1206 544 progressum
1229 466 1307 543 post
1330 475 1455 526 novam

360 565 462 634 istam
489 565 729 653 parallelarum
757 564 998 633 definitionem.
1052 565 1140 634 Ecce
1168 576 1283 634 autem
1311 566 1456 634 alterum

361 675 452 743 istud
469 674 737 743 Pronunciatum
753 675 844 762 apud
861 674 1018 744 Clavium
1041 674 1104 762 (ad
1119 696 1221 761 quem
1236 674 1363 743 diserte
1378 696 1456 763 pro·

360 794 460 852 vocat
475 784 547 869 ipse
563 782 750 870 Borellius)
772 784 807 851 in
824 784 963 853 Scholio
978 794 1055 870 post
1071 784 1173 870 Prop.
1190 784 1244 852 28.
1263 783 1318 853 lib.
1336 783 1455 872 primi:

362 892 399 962 Si
423 904 514 961 recta
534 893 633 972 linea,
657 904 694 962 ut
715 903 797 981 puta
820 893 885 960 BD
907 914 1008 979 super
1028 893 1132 961 aliam
1154 904 1291 973 rectam,
1314 904 1353 963 ut
1374 904 1455 982 puta

360 1001 434 1081 BA,
453 1002 490 1069 in
507 1012 741 1070 transversum
759 1013 938 1071 moveatur
956 1003 1164 1071 constituens
1183 1024 1260 1070 cum
1279 1025 1320 1071 ea
1338 1003 1373 1072 in
1393 1023 1456 1072 suo

360 1122 515 1180 extremo
531 1112 560 1178 B
577 1112 720 1200 angulos
737 1133 870 1198 semper
885 1122 1005 1192 rectos,
1022 1110 1189 1180 describet
1204 1113 1349 1181 alterum
1365 1112 1456 1181 illius

360 1232 552 1289 extremum
568 1222 602 1288 D
618 1221 743 1290 lineam
759 1243 893 1308 quoque
911 1231 1037 1289 rectam
1054 1221 1128 1301 DC,
1147 1223 1229 1291 dum
1245 1243 1366 1308 nempe
1382 1223 1456 1309 ipsa

361 1330 426 1397 BD
441 1330 633 1417 pervenerit
649 1330 694 1398 ad
710 1333 968 1418 congruendum
984 1331 1081 1399 alteri
1099 1331 1230 1416 aequali
1247 1330 1321 1400 Ac.

429 1439 592 1527 Agnosco
613 1440 901 1527 opportunitatem
923 1439 1154 1519 Pronunciati,
1175 1451 1214 1509 ut
1233 1440 1313 1509 inde
1333 1440 1456 1509 transi·

360 1560 415 1618 tus
431 1548 547 1617 fiatad
562 1550 866 1618 demonstrandum
879 1549 964 1618 illud
978 1548 1123 1618 alterum
1139 1549 1371 1631 Euclidaeum,
1387 1572 1456 1638 quo

360 1680 480 1745 nempe
511 1658 625 1728 fulciri
655 1661 794 1727 tandem
822 1657 922 1727 debet
950 1658 1079 1744 reliqua
1107 1658 1220 1727 omnis
1250 1659 1454 1730 Geometria.

361 1767 453 1836 Nam
469 1779 570 1836 antea
585 1777 809 1857 proposuerat
826 1767 982 1849 Clavius;
999 1768 1091 1854 quod
1107 1768 1206 1847 linea,
1224 1767 1325 1855 quus
1341 1769 1456 1837 omnia

360 1888 484 1964 puncta
498 1899 604 1963 aeque
618 1877 744 1944 distent
758 1899 779 1944 a
793 1878 940 1963 quadam
955 1876 1128 1963 supposita
1144 1887 1235 1946 recta
1249 1877 1331 1960 AB;
1346 1878 1456 1964 qualis

360 1986 476 2073 utique
498 1996 550 2054 est
578 1986 643 2073 (ex
665 1985 843 2072 hypothesi
867 1986 1058 2073 praedictae
1081 1986 1338 2075 descriptionis)
1367 1987 1456 2058 linea

361 2096 442 2176 Dc;
462 2096 560 2164 debet
579 2116 652 2163 esse
672 2094 775 2163 etiam
794 2095 869 2180 ipsa
887 2094 976 2162 linea
996 2105 1104 2176 recta;
1124 2095 1204 2182 quia
1223 2117 1343 2183 nempe
1364 2096 1457 2184 ejus·

359 2203 453 2273 modi
476 2204 550 2284 erit,
576 2214 614 2273 ut
637 2204 752 2272 omnia
776 2203 881 2289 ipsius
906 2215 1030 2291 puncta
1054 2203 1255 2274 intermedia
1280 2227 1324 2273 ex
1347 2227 1455 2294 aequo

359 2313 496 2400 jaceant
520 2313 648 2400 (qualis
668 2324 719 2381 est
737 2323 848 2380 rectae
867 2313 975 2381 lineae
995 2313 1167 2400 definitio)
1192 2313 1281 2383 inter
1300 2314 1377 2402 ejus
1396 2336 1456 2383 ex·

360 2434 469 2491 trema
489 2432 614 2510 puncta
636 2423 679 2502 D,
702 2432 735 2490 et
758 2423 804 2503 C;
826 2445 869 2489 ex
890 2443 1009 2508 aequo,
1032 2423 1181 2508 inquam,
1203 2423 1341 2510 jaceant
1348 2447 1357 2506 ;
1378 2446 1456 2493 cum

360 2530 475 2600 omnia
495 2554 601 2619 aeque
622 2531 747 2601 distent
768 2533 811 2599 ab
830 2553 870 2600 ea
890 2530 1064 2618 supposita
1086 2543 1177 2600 recta
1197 2532 1272 2612 AB,
1294 2533 1456 2602 nimirum

360 2652 487 2728 quanta
502 2651 553 2710 est
568 2641 749 2728 longitudo
763 2640 868 2726 ipsius
885 2641 960 2719 BD,
976 2651 1035 2709 aut
1051 2640 1124 2709 AC.
1166 2641 1246 2728 Quo
1261 2644 1336 2711 loco
1352 2644 1456 2712 affert

361 2749 500 2820 Clavius
525 2751 718 2836 exemplum
742 2749 850 2818 lineae
875 2748 1058 2829 circularis,
1085 2753 1128 2819 de
1152 2773 1219 2838 qua
1243 2753 1456 2821 commodius

360 2860 455 2928 inira
473 2859 695 2940 disseremus;
712 2858 770 2927 ubi
789 2859 967 2927 ostendam
984 2859 1208 2928 clarissimam
1225 2863 1290 2929 hac
1306 2861 1342 2929 in
1360 2873 1455 2949 parte

360 2965 675 3055 disparita-[Mltem
689 2968 777 3035 inter
790 2968 915 3036 lineam
929 2979 1065 3047 rectam,
1080 2979 1114 3036 et
1127 2968 1334 3038 circularem.
1363 2971 1455 3040 Nam

360 3079 497 3147 interim
519 3078 596 3147 dico
618 3100 688 3146 non
711 3078 794 3146 satis
817 3077 954 3163 liquere,
979 3101 1024 3146 an
1046 3078 1135 3147 linea
1157 3079 1327 3166 descripta
1349 3081 1392 3149 ab
1414 3103 1455 3150 eo

360 3199 486 3276 puncto
501 3189 535 3255 D
550 3187 595 3256 sit
610 3185 722 3274 potius
739 3197 830 3255 recta
846 3188 920 3266 DC,
937 3209 1041 3274 quam
1055 3209 1160 3256 curva
1175 3191 1343 3274 quaedam
1360 3191 1456 3261 DGC

360 3319 419 3366 seu
442 3319 605 3376 convexa,
629 3318 689 3365 seu
711 3319 860 3365 concava
881 3318 1000 3365 versus
1023 3308 1136 3383 partes
1159 3297 1265 3384 ipsius
1288 3299 1361 3368 BA.

431 3407 468 3476 Si
492 3406 583 3475 enim
606 3417 799 3493 expuncto
823 3407 852 3473 F
876 3405 1048 3474 dividente
1071 3406 1234 3476 bifariam
1256 3409 1366 3495 ipsam
1391 3409 1454 3478 BA

256 3535 259 3541 ·
360 3515 569 3603 intelligatur
591 3516 712 3584 educta
734 3514 1031 3601 perpendicularis,
1055 3537 1142 3602 quae
1165 3529 1321 3587 occurrat
1345 3529 1455 3588 rectae

361 3625 425 3696 DC
447 3624 483 3693 in
506 3626 547 3704 E,
571 3635 605 3693 et
628 3623 808 3711 praedictis
832 3623 945 3692 curvis
969 3624 1004 3691 in
1029 3625 1069 3703 G,
1094 3635 1128 3693 et
1152 3626 1192 3705 G,
1218 3638 1350 3696 constat
1374 3649 1455 3696 sane

365 3734 429 3821 (ex
446 3733 478 3802 2.
499 3732 623 3821 hujus)
647 3742 757 3803 rectos
778 3733 854 3802 iore
873 3734 1016 3820 angulos
1035 3732 1114 3801 hinc
1133 3734 1211 3804 inde
1229 3737 1273 3805 ad
1292 3749 1454 3825 punctum
