3174 5050
324 437 426 505 nimis
436 436 592 523 implexa.
618 436 737 505 Solum
746 437 823 504 dico
832 435 878 504 ibi
887 438 1025 505 tandem
1033 435 1238 505 manifestae

329 547 488 616 falsitatis
511 545 670 634 redargui
693 545 864 613 inimicam
886 545 1100 632 hypothesim
1122 546 1237 633 anguli

327 657 426 735 acuti,
442 666 559 742 utpote
572 677 658 741 quae
672 657 757 723 duas
772 666 880 723 rectas
893 677 1077 742 agnoscere
1091 655 1237 734 deberet,

291 843 294 850 ,
327 788 412 852 quae
431 765 466 833 in
484 787 553 833 uno
570 767 756 851 eodemque
773 776 900 851 puncto
917 785 1095 833 commune
1114 765 1239 851 recipe-

328 885 403 943 rent
421 875 456 942 in
474 875 594 943 eodem
611 875 713 959 plano
731 873 1024 960 perpendiculum:
1044 875 1147 962 Quod
1166 875 1239 960 qui-

328 985 406 1051 dem
431 995 572 1052 naturae
598 984 706 1051 lineae
731 994 841 1051 rectae
867 1005 1059 1070 repugnans
1084 1004 1157 1052 esse
1182 985 1240 1052 de·

328 1103 538 1162 monstratur
568 1115 627 1179 per
656 1092 805 1179 quinque
833 1093 1021 1172 Lemmata,
1053 1093 1088 1160 in
1118 1092 1239 1180 quibus

328 1203 575 1271 concluduntur
610 1203 758 1289 quinque
793 1201 991 1289 principalia
1026 1203 1240 1273 Geometriae

329 1311 525 1391 Axiomata‚
540 1333 626 1397 quae
640 1312 822 1398 respiciunt
836 1312 960 1380 lineam
973 1323 1109 1391 rectam,
1125 1335 1164 1380 ac
1177 1312 1240 1379 cir-

329 1420 452 1500 culum,
469 1443 546 1488 cum
562 1422 632 1489 suis
648 1421 857 1488 correlativis
875 1421 1069 1490 Postulatis.
1241 1445 1262 1490 a
1269 1432 1345 1509 puy.
1357 1423 1401 1490 43

398 1530 429 1598 8.
458 1530 614 1599 Secunda
631 1552 709 1616 pars
728 1530 877 1598 continet
895 1553 957 1597 sex
974 1531 1238 1617 Propositiones.

330 1638 382 1707 Ibi
406 1650 537 1720 autem;
569 1651 646 1725 post
669 1659 853 1726 expensam
883 1640 1004 1726 (juxta
1026 1642 1241 1727 hypothesim

330 1749 445 1836 anguli
466 1749 575 1835 acuti)
600 1760 758 1818 naturam
779 1749 868 1817 illius
889 1749 1005 1829 lineae,
1027 1772 1114 1836 quae
1133 1752 1242 1818 omni-

330 1859 392 1927 bus
415 1859 485 1926 suis
507 1858 639 1944 punctis
660 1881 682 1926 a
703 1860 851 1944 quadam
872 1859 1129 1945 praesupposita
1151 1871 1242 1929 recta

330 1967 420 2036 linea
439 1967 658 2053 aequidistet;
677 1968 793 2036 multis
813 1968 924 2036 modis
945 1970 1145 2049 ostenditur,
1167 1990 1243 2038 eam

297 2079 301 2088 '
333 2078 410 2145 fore
427 2078 602 2163 aequalem
619 2077 868 2164 contrapositae
885 2077 967 2157 basi,
986 2080 1076 2148 unde
1094 2079 1244 2148 infertur

331 2186 592 2272 praenunciatae
631 2187 827 2274 hypothesis
868 2186 1056 2256 certissima
1099 2189 1241 2257 falsitas.

331 2296 448 2384 Quare
483 2298 621 2364 tandem
659 2297 694 2363 in
731 2297 850 2365 ultima
888 2299 1029 2382 Propos.
1070 2320 1155 2384 quae
1192 2310 1244 2366 est

332 2405 501 2472 XXXIX.
519 2406 732 2474 exactissime
748 2408 1001 2475 demonstratur
1016 2407 1144 2476 celebre
1161 2409 1243 2476 illud

333 2515 555 2583 Euclidaeum
573 2515 734 2595 Axioma,
754 2515 807 2584 cui
826 2537 946 2602 nempe
970 2517 1026 2602 (ut
1045 2539 1162 2585 omnes
1181 2518 1244 2585 sci-

332 2624 413 2710 unt)
434 2623 594 2693 universa
611 2609 805 2694 Geometria
823 2625 986 2694 innititur.
1244 2637 1349 2714 apuu.
1360 2631 1405 2698 87

401 2734 432 2802 9.
461 2734 637 2803 Secundus
674 2733 777 2802 Liber
814 2734 921 2822 digeri
960 2738 1137 2805 commode
1175 2760 1244 2804 non

333 2843 443 2928 potuit
460 2843 495 2910 in
512 2843 777 2929 PropositioneS,
796 2844 928 2912 etiamsi
945 2845 1027 2912 locis
1044 2847 1244 2932 opportunis

332 2952 431 3037 plura
451 2952 640 3020 intermista
660 2953 727 3021 sint
747 2953 927 3022 utilissima
946 2955 1183 3035 Theoremata,
1206 2979 1245 3024 ac

334 3062 559 3129 Problemata.
602 3063 757 3131 Meretur
773 3063 993 3132 nihilominus
1009 3087 1168 3150 expresse
1184 3087 1245 3135 no·

333 3169 399 3238 tari
419 3193 525 3239 unum
545 3173 717 3256 quoddam
737 3172 897 3250 Axioma,
920 3173 1019 3259 cujus
1040 3173 1084 3242 ibi
1106 3163 1245 3244 demon·

334 3289 463 3348 stratur
481 3303 549 3348 non
569 3282 673 3348 modo
692 3280 828 3360 veritas,
849 3304 969 3351 verum
988 3283 1091 3351 etiam
1110 3283 1245 3353 univer-

334 3389 414 3456 salis
432 3389 561 3458 utilitas
574 3386 637 3454 [xv]
651 3413 713 3476 pro
732 3391 825 3459 omni
844 3393 1048 3472 Geometria,
1068 3393 1141 3462 sine
1159 3395 1246 3462 indi-

335 3498 449 3586 gentia
467 3499 605 3568 alterius
623 3522 744 3586 parurn
762 3501 875 3568 decori
896 3502 1073 3581 Postulati,
1093 3504 1185 3589 quod
1203 3506 1246 3573 ab

336 3607 573 3693 interpretibus
583 3609 711 3677 censeri
721 3621 832 3696 potest
848 3610 1016 3680 intrusum
1032 3612 1094 3680 sub
1110 3612 1247 3681 nomine

335 3717 540 3796 Axiomatis‚
551 3718 650 3804 cujus
660 3740 780 3804 nempe
789 3741 870 3787 usus
880 3719 996 3806 incipit
1009 3723 1052 3789 ad
1065 3721 1115 3788 18.
1127 3722 1244 3809 quinti.

336 3827 382 3896 Et
403 3826 439 3895 id
460 3826 596 3913 quidem
618 3850 680 3915 pro
702 3829 811 3914 prima
833 3830 935 3897 Parte
957 3830 1061 3916 hujus
1083 3831 1188 3911 Libri,
1212 3833 1247 3900 in

336 3958 403 4022 qua
420 3936 612 4006 vindicatur
630 3938 710 4006 Dei.
732 3949 828 4007 sexta
846 3939 954 4026 quinti
973 3940 1156 4008 Euclidaei.
1247 3953 1351 4030 σφας.
1366 3945 1430 4013 102
