3184 5054
313 477 389 524 rum
407 455 516 534 APY,
536 465 569 522 et
588 454 697 522 XPY.
742 454 790 522 At
808 439 873 527 hoc
890 452 1065 521 evidenter
1084 460 1250 538 repugnat
1268 460 1410 520 naturae

312 564 420 633 lineae
437 576 556 633 rectae.
1188 584 1192 598 ·

235 743 237 748 .
383 675 445 744 Sin
467 696 549 742 vero
572 672 731 759 cuiquam
752 672 865 741 minus
889 682 1101 758 opportunus
1123 669 1281 738 videatur
1303 691 1409 756 angu-

258 801 260 806 '
312 785 364 852 lus
385 784 525 856 obtusus
546 785 590 851 ad
612 783 694 851 illud
716 793 879 867 punctum
899 781 934 849 X
954 802 1073 848 versus
1094 791 1207 866 partes
1228 778 1343 865 puncti
1366 778 1408 855 A,

312 894 406 962 nullo
426 893 564 980 negotio
585 892 729 979 supponi
750 890 874 978 poterit
895 902 1023 970 rectus;
1044 891 1130 958 adeo
1150 900 1188 957 ut
1208 911 1328 975 nempe
1356 887 1410 974 (in

311 1013 408 1071 motu
423 1001 614 1088 praedictae
629 1002 699 1069 XY
713 1003 757 1070 ad
772 1001 916 1088 angulos
931 1022 1063 1086 semper
1078 1010 1188 1067 rectos
1203 1021 1304 1086 super
1319 1008 1410 1066 recta

313 1111 393 1198 AZ)
413 1111 631 1179 manifestius
646 1121 806 1197 appareat
822 1110 956 1197 singula
971 1110 1060 1177 iilius
1070 1109 1140 1176 XY
1149 1119 1273 1194 puncta
1288 1129 1411 1194 aequa-

236 1207 249 1220 *
313 1221 424 1289 biliter
444 1243 577 1306 semper
595 1221 726 1288 moveri
749 1220 852 1288 relate
874 1220 918 1287 ad
939 1219 1128 1306 subjectam
1149 1218 1228 1299 AZ;
1250 1240 1289 1285 ac
1310 1239 1410 1303 prop-

313 1342 405 1398 terea
424 1331 563 1416 nequire
582 1330 655 1416 jam
674 1330 800 1398 dictam
819 1329 889 1396 XY
906 1328 1053 1397 transire
1072 1330 1113 1396 de
1134 1338 1267 1395 secante
1287 1327 1322 1394 in
1341 1349 1410 1394 non

313 1450 483 1510 secantem
501 1439 640 1508 alterius
659 1438 854 1507 indefinitae
873 1438 951 1517 AY,
971 1438 1036 1505 nisi
1056 1460 1132 1506 earn
1150 1448 1209 1505 aut
1227 1437 1411 1522 aliquando

313 1549 349 1617 in
362 1548 476 1636 aliquo
489 1559 614 1635 puncto
628 1549 777 1634 praecise
790 1529 975 1634 contingat,
986 1559 1044 1615 aut
1058 1547 1121 1632 ipsi
1132 1558 1288 1614 occurrat
1302 1547 1337 1613 in
1351 1545 1411 1614 ali-

313 1681 380 1746 quo
406 1669 532 1745 puncto
560 1659 599 1737 P,
627 1658 683 1726 ubi
709 1680 788 1725 cum
813 1659 933 1726 eadem
959 1657 1028 1724 AY
1055 1679 1234 1724 commune
1260 1656 1410 1725 obtineat

313 1779 526 1856 segmentum
561 1769 642 1848 PY;
676 1789 823 1853 quorum
855 1777 1026 1853 utrunque
1060 1765 1234 1834 adversari
1268 1755 1410 1834 naturae

313 1877 421 1945 lineae
440 1888 550 1945 rectae
568 1879 747 1945 ostendam
765 1879 809 1946 ad
828 1875 1000 1944 XXXIII.
1022 1876 1136 1962 hujus.
1180 1874 1291 1962 Igitur
1310 1874 1411 1963 juxta

313 2009 430 2055 veram
454 1987 565 2055 ideam
588 1987 696 2054 lineae
721 1997 842 2065 rectae,
867 1985 1000 2056 debebit
1024 1985 1081 2053 illa
1104 1985 1184 2064 XY,
1210 1985 1246 2052 in
1269 1996 1411 2072 quanta-

232 2149 233 2154 η
313 2118 445 2182 cunque
464 2095 626 2164 distantia
645 2095 759 2181 puncti
780 2095 814 2162 X
834 2118 855 2165 a
874 2106 999 2182 puncto
1018 2095 1061 2174 A,
1082 2116 1259 2163 occurrere
1279 2117 1412 2181 semper

314 2207 349 2273 in
363 2206 477 2292 aliquo
491 2205 694 2308 punctoffipsi
708 2205 786 2272 AY.
811 2205 925 2291 Atque
939 2206 974 2273 id
989 2206 1126 2291 quidem
1146 2205 1410 2291 (quantumlibet
1518 2207 1522 2214 '

314 2337 439 2402 parvus
461 2327 671 2401 supponatur
693 2325 811 2383 acutus
833 2316 978 2402 angulus
1000 2316 1044 2383 ad
1065 2325 1228 2400 punctum
1249 2314 1301 2400 Α)
1329 2314 1411 2382 satis

314 2447 388 2492 esse
406 2426 449 2492 ad
468 2426 782 2503 demonstrandum,
803 2435 922 2492 contra
941 2425 1155 2512 hypothesim
1174 2424 1409 2511 anguliacuti,
1513 2431 1516 2436 “

316 2534 583 2603 Pronunciatum
606 2534 839 2612 Euclidaeum,
862 2533 1028 2601 constabit
1050 2558 1094 2601 ex
1117 2534 1270 2602 XXVII.
1294 2534 1408 2621 hujus.

618 2755 621 2760 ·
684 2730 926 2788 PROPOSITIO
945 2731 1041 2786 XXII.

252 2869 254 2876 ’
315 2855 356 2925 Si
369 2857 457 2925 duae
472 2868 583 2926 rectae
597 2859 673 2940 AB,
690 2860 753 2932 ci)
768 2859 805 2927 iu
821 2861 939 2928 eodem
953 2861 1055 2946 plano
1073 2859 1256 2928 existentes
1271 2870 1411 2948 perpetu

408 2965 604 3035 diculuriter
625 2967 784 3036 insistant
806 2969 940 3037 cuidam
962 2981 1074 3038 rectae
1096 2971 1179 3052 BD,·
1202 2970 1276 3057 ipso
1299 2980 1411 3038 autem
1484 3016 1488 3026 -

406 3077 473 3145 Ac
491 3077 642 3163 juupeus
662 3101 701 3146 ea
719 3078 960 3165 perpendiculo
979 3079 1132 3167 internos
1159 3080 1213 3166 (iu
1234 3067 1413 3167 hypothesi

407 3186 525 3271 eupuli
541 3186 650 3273 ocuti)
673 3184 812 3255 acu-[44]
820 3198 873 3255 tos
889 3186 1032 3272 unquios
1042 3210 1118 3256 cum
1128 3187 1254 3257 eisdem
1273 3188 1412 3276 efficiat:

407 3294 495 3362 Dico
520 3296 594 3383 (sip.
614 3296 668 3365 26.
676 3296 696 3382 )·
714 3307 825 3364 rectos
843 3296 1040 3365 terminatos
1055 3298 1132 3379 Ac,
1150 3300 1215 3365 BD
1234 3316 1412 3368 commuue

406 3403 547 3491 aliquod
565 3407 688 3474 habere
705 3405 992 3492 perpendiculum,
1012 3417 1045 3474 et
1062 3406 1198 3493 quidem
1217 3407 1308 3477 iutra
1325 3407 1412 3477 limi—

398 3523 460 3609 tes
483 3505 669 3601 desipuutis
689 3514 823 3601 punctis
844 3516 889 3596 A,
914 3526 947 3584 et
969 3517 999 3585 C
1019 3516 1226 3602 praefinitos,
