3174 5050
349 479 429 545 dam
450 472 531 556 AN,
554 470 666 562 portio
688 472 793 562 ipsius
815 475 889 555 Ac,
912 474 1061 561 aequalis
1084 497 1156 544 esse
1178 472 1241 561 ipsi
1265 473 1355 554 MH,
1378 494 1444 561 qua

349 586 512 655 nimirum
534 586 649 672 major
672 586 715 653 sit
738 586 911 671 praedicta
934 585 1015 654 AC:
1040 596 1211 653 caeterum
1240 585 1304 672 (ex
1326 586 1444 652 eadem

348 696 478 782 prima)
501 695 657 782 aequales
677 695 792 763 forent
809 695 925 782 anguli
942 697 986 763 ad
1004 695 1158 782 junctam
1175 694 1267 775 HN;
1284 695 1377 780 quod
1395 704 1445 760 est
1483 730 1486 734 ·

349 805 545 884 absurdum,
566 816 603 873 ut
622 826 733 890 supra
778 805 930 872 Rursum
949 826 1031 872 vero
1057 804 1111 891 (in
1130 803 1309 891 hypothesi
1329 801 1444 890 anguli

349 915 438 984 acuti
457 915 493 982 in
510 937 551 982 eo
568 925 694 1000 puncto
712 914 759 1000 C)
784 914 812 980 si
830 914 914 982 velis
933 914 1104 1000 quandam
1122 913 1201 993 AX,
1221 923 1392 999 sumptam
1409 913 1444 979 in

350 1024 413 1093 Ac
438 1035 620 1110 protracta,
647 1024 822 1109 aequalem
847 1022 910 1109 ipsi
937 1023 1027 1101 MH,
1053 1045 1120 1108 qua
1145 1021 1308 1090 nimirum
1332 1022 1445 1088 minor

350 1133 393 1200 sit
410 1135 516 1202 modo
533 1133 624 1201 dicta
643 1133 706 1202 Ac
716 1156 724 1214 ;
743 1133 816 1219 jam
835 1133 954 1199 eodem
973 1132 1073 1201 titulo
1091 1132 1247 1217 aequales
1267 1143 1367 1200 erunt
1385 1153 1445 1199 an·

350 1243 419 1329 guli
439 1244 483 1310 ad
502 1243 574 1311 HX
584 1266 592 1324 ;
612 1244 703 1329 quod
721 1242 836 1328 utique
855 1242 1040 1310 absurdum
1059 1241 1177 1326 itidem
1195 1251 1255 1319 est,
1276 1252 1442 1327 utsupra.

350 1353 469 1419 Restat
488 1352 602 1439 igitur,
622 1362 659 1421 ut
678 1352 713 1418 in
732 1351 910 1438 hypothesi
929 1351 1066 1436 quidem
1084 1351 1199 1437 anguli
1219 1349 1331 1419 obtusi
1351 1351 1386 1418 in
1403 1372 1444 1418 eo

349 1473 474 1548 puncto
492 1462 529 1540 C,
547 1461 636 1529 latus
653 1461 845 1531 hominus
864 1461 907 1527 sit
924 1460 1155 1546 contraposito
1172 1461 1276 1528 latere
1295 1460 1392 1540 MH;
1409 1461 1444 1526 in

349 1571 527 1658 hypothesi
554 1582 667 1639 autem
693 1570 809 1656 anguli
835 1569 924 1638 acuti
951 1569 995 1636 sit
1020 1571 1140 1637 eodem
1165 1569 1289 1656 majus.
1341 1569 1444 1657 Quod

349 1692 422 1749 erat
436 1680 612 1749 intentum.

721 1857 1011 1915 COROLLARIUM
1031 1859 1068 1912 11.

418 1987 532 2055 Multo
552 1998 665 2055 autem
684 1987 794 2074 magis
815 1987 879 2055 erit
899 1987 966 2056 CH
987 1987 1101 2074 major
1121 1987 1277 2073 portione
1297 1987 1443 2072 qualibet

349 2096 454 2181 ipsius
475 2097 560 2176 AM,
582 2108 620 2165 ut
640 2108 722 2182 puta
743 2097 824 2176 PM,
847 2098 1013 2183 adquam
1034 2117 1154 2181 nempe
1175 2096 1293 2184 juncta
1318 2091 1359 2161 [⁵1
1384 2096 1444 2167 CP

348 2205 534 2275 acutiorem
559 2208 669 2276 adhuc
694 2207 858 2293 angulum
883 2205 1004 2273 efficiat
1029 2229 1107 2273 cum
1132 2206 1206 2292 ipso
1232 2207 1299 2276 CH
1325 2228 1443 2275 versus

348 2327 461 2401 partes
489 2316 605 2401 puncti
635 2317 682 2395 H,
713 2327 746 2384 et
775 2316 934 2385 obtusum
968 2316 1031 2402 (ex
1060 2315 1289 2383 decimasexta
1318 2315 1438 2402 primi)

348 2448 483 2494 cumea
504 2427 574 2493 PM
593 2447 711 2494 versus
730 2436 843 2511 partes
862 2425 976 2510 puncti
998 2427 1046 2492 M.
1154 2515 1157 2520 Ι

714 2621 1003 2678 COROLLARIUM
1022 2623 1075 2676 111.

419 2750 571 2818 Rursum
601 2762 734 2819 constat
763 2751 936 2836 praedicta
968 2751 1083 2819 omnia
1113 2773 1219 2838 aeque
1249 2753 1439 2837 procedere,

349 2859 420 2928 sive
446 2871 620 2946 assumpta
645 2861 883 2947 perpendicula
910 2860 984 2940 Ac,
1012 2872 1046 2929 et
1072 2862 1146 2940 BD,
1177 2861 1306 2929 fuerint
1332 2872 1442 2930 certae

348 2969 529 3054 cujusdam
546 2971 637 3055 apud
655 2991 717 3037 nos
735 2970 968 3057 longitudinis,
988 2971 1059 3038 sive
1078 2970 1155 3049 sint,
1175 2982 1234 3040 aut
1252 2993 1442 3058 supponan-

348 3089 405 3147 tur
423 3079 553 3147 infinite
571 3101 684 3165 parva.
729 3079 832 3167 Quod
852 3079 988 3165 quidem
1007 3079 1119 3147 notari
1137 3092 1327 3166 opportune
1345 3082 1443 3149 debet

349 3187 382 3254 in
405 3187 542 3274 reliquis
563 3188 778 3274 sequentibus
800 3189 1104 3274 Propositionibus.

739 3385 980 3443 PROPOSITIO
1000 3387 1051 3443 IV.

351 3511 509 3580 Vicissim
539 3524 652 3581 autem
686 3515 862 3601 (manente
890 3516 1003 3602 fiyuro
1029 3515 1262 3602 praecedentis
1281 3515 1442 3604 Proposi-

440 3620 562 3710 tionis)
591 3623 708 3708 anpuli
730 3626 774 3692 od
796 3624 950 3710 junctam
975 3627 1038 3694 CD
1062 3638 1162 3694 erunt
1184 3637 1244 3694 out
1266 3626 1359 3709 recti,
1384 3637 1442 3696 aut

441 3733 562 3814 obtusi,
580 3743 640 3802 out
656 3726 756 3815 osuii,
773 3744 876 3820 prout
892 3744 984 3802 recto
1001 3735 1064 3803 CD
1082 3736 1232 3822 aequalis
1248 3736 1365 3824 fuerit,
1384 3748 1442 3806 out

439 3840 561 3924 minor,
582 3851 642 3912 out
660 3843 784 3929 major,
805 3842 1036 3930 contraposita
1051 3843 1127 3912 ΑΒ.
