3184 5054
318 395 544 486 pendicularis
561 417 605 463 ex
621 404 748 482 puncto
765 395 801 462 K
817 396 939 462 educta
955 415 1074 462 versus
1091 403 1204 480 partes
1222 390 1328 479 ipsius
1346 389 1416 458 AX

317 528 495 576 occurrere
513 507 592 574 huic
609 503 729 573 debeat
746 503 781 571 in
799 503 914 590 aliquo
931 514 1057 590 puncto
1073 503 1104 568 L
1122 502 1211 570 inter
1227 511 1353 588 puncta
1370 500 1415 580 A,

317 627 352 685 et
368 617 409 684 M
426 613 629 695 constituto;
646 635 689 680 ne
705 612 831 680 scilieet
854 612 993 699 (contra
1013 609 1063 679 17.
1083 609 1203 698 primi)
1226 632 1341 678 secare
1358 610 1417 678 de·
1502 605 1504 609 ’

317 725 395 794 beat
411 725 610 793 alterutram
629 721 703 801 AB,
723 732 782 790 aut
800 721 879 790 MN
897 719 1191 808 perpendiculares
1209 719 1320 788 eidem
1338 719 1413 788 ΒΧ.

318 834 422 923 Quod
439 843 501 902 etc.

690 1069 931 1127 PROPOSITIO
949 1069 1042 1125 XXV.

318 1213 359 1284 Si
378 1216 466 1282 duae
485 1225 597 1283 rectae
622 1215 697 1302 (pp.
720 1215 796 1299 30.)
821 1213 901 1296 AX,
922 1214 989 1282 ΒΧ
1008 1214 1045 1282 in
1065 1215 1183 1282 eodem
1203 1215 1305 1301 plouo
1327 1213 1415 1282 exis-

262 1329 264 1334 '
411 1334 520 1392 tentes
547 1325 635 1412 (uno
654 1323 791 1411 quidem
812 1325 875 1392 sub
897 1326 1022 1411 onpulo
1045 1333 1144 1392 ocuto
1165 1324 1202 1391 in
1222 1331 1347 1410 puucto
1369 1325 1412 1405 Α,

411 1443 444 1501 et
462 1435 569 1502 altero
586 1432 623 1501 iu
640 1443 765 1520 puncto
784 1434 814 1500 B
833 1431 1157 1520 perpendiculariter
1173 1431 1333 1501 insistens
1350 1432 1417 1520 ipsi

409 1543 494 1630 ΑΒ)
514 1543 563 1612 ito
577 1544 621 1612 od
635 1565 671 1612 se
686 1541 832 1611 invicem
846 1553 981 1629 semper
993 1540 1106 1629 inopis
1120 1543 1416 1626 accedoutoersus

409 1662 525 1740 portes
544 1661 748 1739 punctorum
769 1653 815 1733 X,
838 1661 878 1720 ut
898 1651 1119 1720 nihilominus
1142 1653 1326 1720 eorundem
1348 1652 1416 1720 dis-

411 1761 519 1831 toutio
540 1772 675 1848 semper
696 1760 812 1849 major
833 1759 879 1829 sit
901 1760 1075 1848 ossipnoto
1097 1761 1244 1847 quodam
1268 1761 1415 1848 loupitu·

410 1873 499 1952 dine,
516 1872 704 1940 destruitur
718 1869 915 1959 hypothesis
930 1870 1048 1957 onpuli
1062 1868 1162 1938 ocuti.

245 2019 248 2034 '
388 2029 661 2097 Demonstratur.
701 2028 887 2116 Assignata
900 2029 944 2097 sit
957 2029 1136 2116 longitudo
1149 2029 1190 2097 R.
1232 2031 1269 2100 Si
1283 2052 1366 2118 ergo
1380 2030 1415 2097 in

318 2161 359 2206 ea
373 2137 439 2205 ΒΧ
453 2149 609 2207 sumatur
622 2139 790 2225 quaedam
805 2139 872 2207 ΒΚ
884 2138 1130 2225 quantumlibet
1144 2139 1323 2225 multiplex
1338 2161 1416 2227 pro·

317 2247 449 2333 positae
466 2247 689 2334 longitudinis
707 2247 757 2328 R;
775 2258 908 2315 constat
932 2248 995 2335 (ex
1012 2249 1233 2334 praecedente
1253 2249 1410 2337 Scholio)

318 2357 630 2442 perpendicularem
650 2380 694 2425 ex
714 2368 839 2443 puncto
860 2359 896 2426 K
916 2359 1073 2426 eductam
1092 2379 1211 2426 versus
1232 2369 1345 2446 partes
1366 2358 1416 2445 ip-

319 2465 389 2534 sius
404 2465 473 2533 AX
489 2464 523 2533 in
537 2466 651 2552 aliquo
667 2477 792 2552 puncto
806 2466 837 2534 L
850 2466 960 2534 eidem
974 2488 1210 2548 occursuram;
1225 2490 1264 2536 ac
1280 2490 1416 2537 rursum

324 2575 388 2660 (ex
406 2586 582 2661 praesente
600 2575 798 2663 hypothesi)
822 2587 954 2644 constat
972 2598 1048 2644 eam
1066 2578 1133 2644 KL
1149 2577 1319 2664 majorem
1339 2578 1417 2646 fore

318 2684 490 2771 praedicta
506 2685 719 2772 longitudine
735 2684 776 2752 R.
819 2686 931 2753 Porro
947 2685 1155 2772 intelligatur
1172 2687 1238 2754 ΒΚ
1254 2687 1364 2756 divisa
1381 2688 1416 2755 in

318 2794 492 2880 portiones
514 2795 594 2873 ch
616 2794 773 2881 aequales
794 2794 946 2882 singulas
968 2794 1031 2880 ipsi
1053 2794 1095 2874 R,
1118 2798 1328 2882 usquedum
1350 2798 1416 2865 KB

319 2904 469 2990 aequalis
488 2902 532 2972 sit
551 2903 613 2989 ipsi
633 2903 837 2991 longitudini
857 2904 899 2970 R.
944 2905 1099 2972 Tandem
1117 2927 1200 2973 vero
1219 2928 1264 2973 ex
1283 2905 1415 2992 punctis

319 3014 354 3080 K
367 3023 497 3080 erectae
512 3013 579 3081 sint
592 3014 636 3081 ad
651 3012 716 3080 ΒΧ
730 3012 1023 3098 perpendiculares
1037 3025 1252 3082 occurrentes
1267 3015 1331 3102 ipsi
1346 3015 1414 3084 Ax

320 3121 355 3190 in
375 3121 508 3208 punctis
527 3123 567 3200 L,
589 3123 637 3202 H,
659 3123 703 3200 D,
725 3123 775 3200 M,
796 3143 904 3208 usque
923 3123 966 3190 ad
987 3133 1149 3208 punctum
1171 3123 1205 3192 N
1225 3124 1415 3211 proximius

319 3242 445 3318 puncto
464 3230 506 3298 A.
550 3231 630 3318 Jam
649 3230 697 3299 sic
717 3229 927 3318 progredior.

389 3340 502 3408 Erunt
528 3341 591 3427 (ex
614 3341 715 3426 Prop.
739 3340 979 3428 praecedente)
1007 3351 1154 3426 quatuor
1176 3341 1276 3411 simul
1299 3343 1415 3432 anguli

319 3447 539 3537 quadrilateri
561 3449 712 3528 KHLK‚
736 3448 928 3517 remotioris
949 3449 992 3517 ab
1013 3471 1052 3518 ea
1072 3449 1144 3518 basi
1167 3450 1241 3530 ΑΒ,
1263 3452 1415 3540 majores
