3184 5054
425 455 713 545 perpendicularis
734 456 801 527 CB.
847 454 934 524 Dico
955 454 1141 525 stabilitum
1163 453 1240 524 hinc
1259 453 1304 523 iri
1323 455 1428 542 hypo-

428 565 549 635 thesim
566 577 626 634 aut
642 567 759 653 anpuli
775 566 868 647 recti,
887 577 946 634 aut
961 566 1079 652 unpuh‘
1096 565 1218 646 obtusi,
1236 574 1296 633 aut
1313 560 1430 648 eupuli

425 675 525 757 acuti,
541 685 643 760 prout
651 675 762 760 portio
772 675 842 742 ΗΒ
852 674 1002 762 aqualis
1015 671 1215 762 fue-[Ulrit
1231 683 1291 742 aut
1303 672 1428 760 major,

427 795 487 852 aut
503 785 616 853 minor
631 785 706 871 ipsa
721 785 796 852 ΑΗ
798 839 805 852 .

405 943 677 1012 Demonstratur.
722 944 813 1012 Nam
830 944 948 1030 juncta
967 945 1030 1011 DB
1047 945 1112 1012 erit
1135 945 1198 1030 (ex
1216 944 1246 1010 4.
1267 942 1377 1028 primi,
1397 952 1430 1008 et

336 1074 380 1120 ex
407 1053 457 1120 10.
484 1053 608 1139 hujus)
638 1065 696 1121 aut
721 1053 879 1138 aequalis,
906 1065 964 1121 aut
988 1053 1112 1139 major,
1139 1065 1198 1121 aut
1221 1052 1334 1119 minor
1358 1051 1432 1138 ipsa

337 1159 414 1240 AD,
439 1161 510 1228 sive
533 1163 606 1240 DC,
630 1174 731 1248 prout
754 1163 810 1229 illa
833 1164 945 1248 portio
969 1164 1036 1229 ΗΒ
1059 1163 1207 1248 aequalis
1233 1161 1348 1238 inerit,
1372 1171 1431 1229 aut

337 1270 460 1356 major,
480 1282 539 1339 aut
557 1271 670 1339 minor
689 1272 761 1358 ipsa
780 1271 862 1338 AH.

407 1381 453 1448 Et
478 1380 588 1467 primo
615 1381 751 1466 quidem
778 1382 821 1448 sit
849 1382 917 1448 ΗΒ
943 1381 1092 1466 aequalis
1119 1381 1181 1466 ipsi
1209 1380 1292 1458 AH,
1321 1380 1368 1447 ita
1394 1390 1432 1446 nt

338 1501 516 1576 propterea
532 1489 650 1575 juncta
668 1491 731 1557 DB
747 1491 896 1576 aequalis
914 1491 957 1557 sit
974 1491 1036 1575 ipsi
1053 1491 1131 1567 AD,
1150 1490 1221 1557 sive
1238 1489 1311 1557 DC.
1343 1489 1433 1557 Con-

338 1598 738 1682 statcircumierentiam
760 1599 886 1678 circuli,
910 1600 966 1684 qui
991 1611 1107 1667 centro
1130 1600 1173 1677 D,
1198 1610 1231 1667 et
1254 1598 1433 1666 intervallo

339 1707 402 1774 DB
423 1708 641 1787 describatur,
662 1708 884 1776 transituram
903 1731 962 1794 per
981 1720 1105 1794 puncta
1124 1709 1166 1786 A,
1187 1719 1220 1776 et
1240 1709 1277 1776 C.
1322 1707 1433 1795 Igitur

338 1817 483 1904 angulus
505 1816 610 1896 ABC,
633 1818 690 1903 qui
714 1817 851 1903 ponitur
874 1829 994 1896 rectuS,
1019 1818 1141 1886 existet
1164 1819 1199 1884 in
1221 1840 1262 1885 eo
1285 1816 1433 1884 semicir-

339 1926 425 2005 cu10,
445 1927 544 2014 cujus
563 1927 727 1994 diameter
746 1928 818 1995 AC.
880 1927 996 2014 Quare
1022 1928 1085 2013 (ex
1103 1927 1342 2013 praecedente)
1366 1937 1434 1992 sta-

339 2035 475 2104 bilietur
498 2036 693 2123 hypothesis
718 2036 833 2123 anguli
859 2037 950 2103 recti.
1000 2037 1103 2125 Quod
1128 2048 1200 2104 erat
1224 2036 1335 2121 primo
1359 2035 1434 2101 loco

340 2145 651 2213 demonstrandum.

411 2254 464 2322 Sit
491 2256 639 2322 secundo
668 2256 736 2321 ΗΒ
762 2255 878 2340 major
905 2256 978 2339 ipsa
1006 2255 1087 2332 AH,
1117 2256 1164 2322 ita
1192 2266 1229 2323 ut
1257 2266 1433 2340 propterea

340 2361 459 2449 juncta
475 2363 539 2429 DB
554 2363 669 2449 major
684 2364 727 2431 sit
744 2363 817 2449 ipsa
834 2364 911 2442 AD,
930 2364 1001 2431 sive
1019 2364 1090 2433 DC.
1134 2364 1276 2431 Constat
1293 2364 1435 2431 circum-

343 2472 524 2540 ferentiam
537 2472 663 2551 circuli,
679 2473 736 2558 qui
750 2484 867 2541 centro
882 2473 924 2550 D,
940 2484 973 2540 et
987 2473 1166 2541 intervallo
1181 2474 1258 2552 DA,
1274 2472 1346 2541 sive
1360 2473 1434 2550 Dc,

341 2581 560 2660 describatur,
583 2604 801 2649 occursuram
822 2582 886 2668 ipsi
909 2583 972 2648 DB
995 2582 1030 2648 in
1051 2582 1165 2667 aliquo
1186 2593 1312 2668 puncto
1334 2582 1435 2650 inter-

340 2690 454 2758 medio
473 2691 516 2758 K.
560 2689 680 2778 Igitur,
699 2690 825 2776 junctis
845 2691 924 2770 AK,
944 2702 978 2759 et
996 2692 1069 2770 CK,
1090 2692 1154 2759 erit
1172 2692 1316 2778 angulus
1336 2690 1435 2758 AKC

341 2799 491 2879 obtusus,
520 2800 599 2886 quia
623 2800 739 2886 major
769 2801 832 2886 (ex
857 2801 911 2866 21.
940 2800 1060 2887 primi)
1092 2801 1218 2888 angulo
1246 2801 1350 2880 ABC,
1378 2800 1435 2886 qui

341 2909 479 2994 ponitur
494 2919 612 2977 rectus
654 2910 769 2997 Quare
790 2910 853 2995 (ex
868 2910 1106 2997 praecedente)
1128 2910 1316 2977 stabilietur
1330 2911 1437 2997 hypo-

341 3018 446 3086 thesis
473 3018 588 3105 anguli
616 3019 736 3086 obtusi.
789 3018 892 3105 Quod
920 3030 993 3086 erat
1020 3021 1168 3087 secundo
1195 3020 1436 3087 loco-demon-

341 3129 527 3196 strandum.

414 3236 466 3305 Sit
482 3237 583 3304 tertio
601 3238 669 3304 ΗΒ
685 3237 798 3304 minor
815 3237 887 3321 ipsa
905 3236 986 3315 AH,
1006 3237 1053 3305 ita
1070 3248 1107 3304 ut
1124 3249 1302 3323 propterea
1319 3237 1437 3324 juncta

344 3345 408 3414 DB
428 3344 542 3413 minor
561 3346 604 3414 sit
625 3347 698 3432 ipsa
719 3346 797 3424 AD,
820 3346 891 3414 sive
913 3347 985 3415 DC.
1032 3347 1175 3414 Constat
1196 3346 1438 3414 circumferen-

343 3455 426 3524 tiam
452 3455 578 3534 circuli,
605 3455 662 3542 qui
689 3467 806 3523 centro
834 3456 876 3534 D,
904 3468 937 3523 et
963 3455 1141 3523 intervallo
1170 3455 1246 3533 DA,
1275 3455 1346 3524 sive
1374 3457 1437 3525 DC

342 3563 561 3645 describatur,
587 3587 805 3633 occursuram
830 3565 864 3630 in
889 3564 1003 3650 aliquo
1027 3575 1152 3650 puncto
1178 3566 1217 3631 M
1241 3565 1347 3651 ipsius
1373 3565 1435 3633 DB
