3174 5050
324 463 439 552 anguli
468 463 588 532 obtusi.
643 463 757 548 Atque
784 462 862 530 hinc
891 461 1007 549 incipit
1036 461 1235 530 diuturnum

324 573 491 660 proelium
505 574 668 645 adversus
683 572 886 660 hypothesin
901 572 1017 660 anguli
1032 572 1133 650 acuti,
1150 591 1236 656 quae

323 683 397 751 sola
417 681 529 752 renuit
548 681 726 750 veritatem
746 681 835 750 illius
856 680 1060 749 Axiomatis.
1087 676 1164 744 [xiii]
1234 689 1340 765 apog.
1352 677 1396 745 10

393 792 424 859 4.
451 792 570 877 Itaque
585 791 620 859 in
635 791 714 859 XV.
731 813 770 859 ac
785 790 882 858 XVI.
901 792 1153 858 demonstratur
1169 799 1236 857 sta-

324 901 457 969 bilitum
478 900 519 968 iri
540 902 743 988 hypotheses
765 912 823 968 aut
844 900 960 990 anguli
983 899 1074 979 recti,
1097 910 1156 968 aut
1177 900 1235 966 ob

324 1010 401 1090 tusi,
423 1021 482 1078 aut
502 1010 601 1089 acuti,
624 1033 668 1078 ex
689 1009 838 1096 quolibet
858 1010 1030 1096 triangulo
1052 1008 1233 1086 rectilineo

324 1119 424 1205 cujus
446 1130 515 1187 tres
539 1120 639 1188 simul
662 1120 777 1206 anguli
801 1120 957 1204 aequales
981 1119 1058 1197 sint,
1084 1130 1141 1186 aut
1165 1127 1236 1185 ma-

324 1229 428 1314 joreS,
445 1240 504 1297 aut
518 1229 668 1296 minores
684 1229 816 1297 duobus
833 1230 950 1309 rectis3
966 1251 1005 1296 ac
1022 1229 1176 1296 similiter
1192 1251 1236 1294 ex

324 1339 473 1424 quolibet
498 1338 728 1424 quadrilatero
755 1338 936 1416 rectilineo,
964 1337 1063 1422 cujus
1090 1348 1236 1422 quatuor

325 1448 425 1516 simul
443 1447 557 1535 anguli
575 1448 731 1533 aequales
749 1447 825 1526 sint,
844 1458 903 1516 aut
918 1448 1079 1533 majores,
1098 1458 1157 1515 aut
1173 1448 1236 1514 mi-

324 1578 425 1624 nores
437 1568 584 1642 quatuor
597 1557 705 1624 rectis.
1233 1565 1337 1642 opop.
1352 1556 1397 1624 20

395 1664 424 1734 5.
453 1666 649 1752 Sequuntur
677 1667 825 1752 quinque
854 1667 939 1734 aliae
969 1667 1234 1752 Propositio‘nes,
1299 1718 1302 1724 .

325 1775 500 1861 inquibus
521 1777 797 1843 demonstrantur
817 1775 883 1843 alia
904 1775 1027 1843 indicia
1047 1798 1110 1862 pro
1129 1797 1236 1842 secer-

325 1885 436 1952 nenda
452 1907 534 1952 vera
550 1885 727 1972 hypothesi
745 1908 766 1953 a
785 1884 890 1952 falsis.
1233 1897 1341 1971 apoq.
1352 1885 1396 1952 23

394 1995 425 2062 6.
452 1993 628 2062 Accedunt
646 2006 792 2080 quatuor
810 1995 1008 2081 principalia
1029 1996 1182 2075 Scholia;
1202 1997 1236 2061 in

324 2125 470 2189 quorum
486 2115 658 2188 postremo
674 2105 853 2172 exhibetur
863 2104 972 2190 figura
982 2107 1148 2190 quaedam
1158 2126 1237 2192 geo

324 2212 474 2291 metrica,
494 2214 657 2298 adquam
678 2214 825 2280 fortasse
845 2214 992 2299 respexit
1011 2215 1179 2293 Euclides,
1200 2226 1236 2283 ut

326 2343 425 2390 suum
454 2322 539 2390 illud¹
566 2323 832 2390 Pronunciatum
861 2335 1047 2391 assumeret
1075 2335 1237 2409 tanquam
1295 2386 1299 2399 ,

325 2453 385 2517 per
410 2453 446 2499 se
471 2443 599 2499 notum.
651 2432 692 2497 In
717 2433 825 2499 tribus
851 2433 1020 2518 prioribus
1047 2433 1236 2502 ostenditur

325 2562 394 2607 non
407 2540 553 2609 valuisse
563 2542 607 2608 ad
621 2540 787 2608 intentum
801 2542 1038 2627 praecedentes
1053 2542 1236 2630 insignium

325 2651 585 2719 Geometrarum
603 2661 752 2718 conatus.
798 2651 865 2718 Sed
883 2651 963 2736 quia
980 2663 1237 2720 controversum

326 2758 477 2827 Axioma
506 2759 719 2827 exactissime
750 2760 1003 2829 demonstratur
1033 2784 1077 2828 ex
1106 2763 1236 2830 duabus

325 2868 590 2954 praesuppositis
634 2868 733 2936 rectis
777 2869 874 2936 lineis
917 2869 1237 2956 aequidistantibus·

325 2989 440 3045 monet
461 2977 506 3045 ibi
527 2978 658 3047 Auctor
678 2979 843 3046 contineri
864 2980 899 3045 in
919 3002 961 3047 eo
980 2981 1237 3066 praesupposito

325 3087 546 3155 manifestam
562 3087 760 3174 petitionem
776 3086 950 3174 Principii.
992 3089 1096 3176 Quod
1114 3090 1141 3157 si
1160 3112 1237 3176 pro·
1361 3081 1366 3088 ’

326 3197 441 3264 vocari
469 3197 524 3264 hic
550 3197 632 3264 velit
659 3199 702 3264 ad
731 3219 944 3265 communem
972 3200 1235 3284 persuasionem,

326 3317 426 3391 atque
460 3307 541 3374 item
574 3306 881 3392 exploratissimam
914 3306 1067 3393 praxim·
1102 3331 1236 3377 rursum

325 3427 441 3483 monet
466 3415 644 3502 provocari
670 3437 739 3482 non
765 3416 886 3485 debere
912 3419 956 3485 ad
982 3419 1235 3503 experientiam,
1268 3460 1283 3486 -,

326 3546 413 3610 quae
441 3524 597 3610 respiciat
624 3537 748 3610 puncta
776 3525 918 3605 infinita,
948 3549 1025 3594 cum
1054 3527 1136 3594 satis
1164 3551 1237 3597 esse

326 3633 433 3719 possit
447 3634 547 3702 unica
561 3633 770 3720 experientia
786 3634 844 3703 uni
859 3635 966 3703 cuivis
982 3648 1109 3721 puncto
1123 3639 1234 3706 affixa.

327 3742 407 3830 Quo
428 3743 504 3811 loco
526 3755 595 3811 tres
618 3744 661 3811 ab
684 3744 759 3828 ipso
781 3745 974 3813 afferuntur
997 3745 1237 3815 invictissimae

328 3852 644 3920 Demonstrationes
669 3853 1073 3939 Physico-Geometricae.
1237 3880 1259 3925 α
1266 3871 1341 3945 pop.
1353 3861 1398 3928 29

371 4005 374 4010 -
396 3959 426 4030 7.
456 3962 645 4046 Supersunt
670 3951 849 4031 duodecim
874 3963 959 4030 aliae
987 3965 1146 4050 Proposi-
1159 3962 1233 4031 [xiv]

327 4071 446 4151 tiones
464 4092 550 4158 quae
566 4072 694 4156 primae
712 4071 807 4139 Parti
823 4071 928 4159 hujus
945 4073 1039 4140 Libri
1057 4074 1159 4142 finem
1176 4076 1238 4143 im-

327 4191 465 4264 ponunt.
490 4181 570 4248 Non
583 4202 718 4266 expono
732 4181 948 4267 particularia
961 4195 1143 4270 assumpta,
1158 4186 1238 4272 quia
