3148 5054
313 427 445 496 duobus
462 426 630 497 distinctis
647 425 780 513 punctis
797 427 845 504 Α,Ι
859 437 892 494 et
910 427 938 492 B
948 448 956 506 ;
974 425 1002 492 si
1020 426 1184 492 educatur
1201 444 1320 491 versus
1338 443 1412 490 eas·

312 539 391 606 dem
407 547 520 624 partes
538 536 600 605 sub
617 536 743 624 angulo
760 535 882 604 obtuso
900 534 1078 620 quaepiam
1096 534 1167 612 AZ,
1186 542 1319 601 constat
1336 532 1412 600 nul-

312 648 384 716 lum
402 648 446 714 ad
465 668 522 714 eas
541 657 653 732 partes
673 667 746 714 esse
764 667 864 732 posse
883 645 917 711 in
937 643 1069 712 duobus
1089 642 1257 711 distinctis
1277 641 1412 728 punctis

313 777 492 824 commune
519 754 795 842 perpendiculum
824 754 974 840 ipsarum
1002 753 1074 832 AZ,
1103 752 1187 833 BX;
1214 775 1257 820 ne
1285 751 1412 819 seilicet

312 888 357 933 ex
380 876 603 934 consecuturo
626 865 856 950 quadrilatero
880 864 1073 931 continente
1096 873 1243 948 quatuor
1267 861 1411 948 angulos

312 974 463 1060 majores
489 985 634 1060 quatuor
660 974 759 1042 rectis
785 974 973 1042 incidamus
1005 973 1068 1059 (ex
1093 971 1191 1040 XVI.
1219 971 1344 1058 hujus)
1376 971 1411 1038 in

312 1083 515 1171 hypothesin
536 1083 609 1169 jam
630 1083 845 1168 reprobatam
865 1082 981 1186 anguli
1002 1081 1125 1159 obtusi,
1147 1092 1266 1149 contra
1287 1103 1412 1166 suppo-

313 1194 414 1262 sitam
434 1195 499 1261 hoc
519 1193 594 1261 loco
616 1193 819 1280 hypothesin
840 1191 956 1279 anguli
978 1191 1077 1260 acuti.
1124 1191 1236 1278 Igitur
1257 1191 1314 1258 illa
1335 1213 1412 1276 per-

313 1302 538 1389 pendicularis
553 1303 622 1370 AY
636 1303 701 1371 erit
715 1326 759 1371 ex
774 1302 839 1370 ista
853 1313 948 1388 parte
963 1301 1059 1368 limes
1075 1301 1277 1368 intrinsecus
1292 1323 1411 1368 earum

313 1412 476 1492 omnium,
504 1435 590 1498 quae
617 1434 661 1479 ex
688 1413 746 1480 illo
774 1422 898 1497 puncto
927 1411 960 1478 A
987 1433 1106 1479 versus
1133 1412 1269 1478 easdem
1296 1420 1411 1496 partes

312 1521 453 1591 eductae
469 1544 648 1590 commune
665 1522 803 1608 aliquod
826 1521 947 1608 (juxta
964 1520 1056 1588 illam
1073 1519 1276 1607 hypothesin
1294 1519 1410 1605 anguli

313 1630 422 1717 acuti)
448 1631 482 1699 in
503 1631 635 1700 duobus
656 1630 823 1699 distinctis
844 1630 976 1716 punctis
996 1629 1171 1698 obtineant
1191 1629 1412 1715 perpendicu-

313 1741 384 1810 lum
401 1763 479 1809 cum
495 1741 602 1808 altera
619 1740 795 1808 indefinita
813 1741 887 1806 ΒΧ.
931 1741 1034 1828 Quod
1052 1750 1124 1807 erat
1142 1739 1298 1825 primum.

383 1851 647 1919 Demonstratur
661 1851 808 1918 secunda
822 1871 909 1936 pars.
952 1849 988 1918 Si
1003 1849 1093 1916 enim
1108 1848 1180 1916 fien‘
1195 1858 1306 1935 potest
1314 1871 1322 1929 ;
1336 1859 1411 1916 esto

313 1959 452 2053 quidam
468 1959 613 2047 angulus
630 1970 748 2027 acutus
765 1958 919 2027 omnium
935 1958 1106 2037 minimus,
1126 1959 1189 2027 sub
1205 1981 1272 2044 quo
1289 1959 1411 2026 educta

313 2069 383 2136 AN
407 2090 586 2136 commune
610 2068 731 2136 habeat
755 2091 832 2136 cum
856 2069 914 2136 illa
937 2069 1002 2136 ΒΧ
1017 2069 1061 2148 ¹in
1086 2069 1218 2136 duobus
1242 2066 1411 2135 distinctis

313 2178 445 2263 punctis
458 2177 735 2265 perpendiculum
750 2179 828 2246 ND.
868 2180 959 2246 Tum
972 2188 1147 2264 assumpto
1162 2178 1197 2245 in
1211 2177 1275 2244 ΒΧ
1290 2176 1410 2244 altiore

311 2297 438 2373 puncto
456 2287 500 2366 K,
519 2309 563 2354 ex
581 2309 621 2355 eo
639 2288 802 2355 educatur
820 2289 863 2354 ad
882 2287 946 2355 ΒΧ
964 2285 1252 2374 perpendicularis
1271 2287 1346 2365 KL,
1365 2286 1411 2354 ad

312 2418 415 2483 quam
433 2419 477 2465 ex
494 2408 620 2482 puncto
639 2395 672 2463 A
690 2396 888 2465 demittatur
912 2397 1032 2483 (juxta
1053 2397 1103 2464 12.
1125 2395 1245 2483 primi)
1269 2417 1410 2483 perpen-

313 2505 472 2574 dicularis
490 2505 562 2572 AL.
604 2506 682 2592 Jam
698 2528 791 2584 vero,
809 2505 837 2572 si
855 2508 937 2573 haec
956 2506 1020 2573 AL
1035 2516 1192 2574 occurrat
1208 2506 1243 2572 in
1261 2507 1410 2591 quodam

312 2627 437 2700 puncto
459 2616 483 2685 S
503 2615 566 2701 ipsi
589 2616 668 2694 ND,
689 2627 822 2684 constat
842 2638 922 2684 sane
943 2616 1107 2702 angulum
1125 2616 1223 2682 BAL
1242 2615 1410 2683 minorem

315 2726 452 2794 forceo
474 2725 584 2804 BAN,
608 2724 665 2810 qui
687 2736 865 2811 propterea
886 2749 955 2793 non
977 2725 1041 2792 erit
1062 2724 1216 2793 omnium
1236 2724 1409 2802 minimus,

312 2834 375 2903 sub
390 2857 458 2920 quo
473 2836 594 2903 educta
609 2834 679 2901 AN
695 2855 873 2903 commune
889 2835 1011 2902 habeat
1026 2857 1103 2903 cum
1118 2835 1176 2902 illa
1192 2835 1257 2902 ΒΧ
1274 2834 1309 2901 in
1325 2835 1410 2902 duo-

312 2944 374 3012 bus
404 2943 570 3012 distinctis
600 2944 732 3028 punctis
762 2944 1038 3029 perpendiculum
1068 2944 1148 3012 ND.
1183 2939 1240 3007 [66]
1298 2944 1410 3010 Porro

312 3065 426 3122 autem
444 3053 487 3120 ab
504 3076 545 3122 ea
562 3054 830 3140 perpendiculari
850 3054 914 3120 AL
932 3053 1038 3121 secari
1058 3052 1265 3140 praedictam
1285 3054 1354 3121 ND
1373 3052 1408 3118 in

312 3164 460 3248 quodam
480 3163 556 3248 ejus
576 3163 777 3231 intermedio
798 3174 923 3248 puncto
944 3164 968 3232 S
989 3163 1037 3230 sic
1056 3165 1317 3231 demonstratur.

382 3273 427 3339 Et
450 3272 561 3358 primo
584 3272 721 3357 quidem
743 3295 812 3339 non
834 3295 932 3358 posse
956 3273 999 3339 ab
1020 3295 1061 3340 ea
1083 3272 1147 3339 AL
1171 3265 1276 3340 secari
1300 3272 1407 3357 ipsam

313 3381 379 3448 ΒΚ
397 3382 431 3448 in
450 3383 598 3467 quodam
616 3393 740 3467 puncto
760 3383 799 3448 M
818 3393 973 3450 constare
992 3381 1143 3450 absolute
1160 3393 1272 3468 potest
1290 3405 1334 3450 ex
1355 3380 1406 3448 l7.

312 3490 423 3577 primi,
446 3514 488 3559 ne
510 3491 635 3559 scilicet
657 3490 692 3556 in
713 3493 833 3558 eodem
854 3491 1026 3577 triangulo
1049 3493 1158 3559 MKL
1179 3493 1265 3559 duos
1287 3491 1409 3559 habea-

312 3622 387 3668 mus
404 3600 547 3687 angulos
563 3611 673 3668 rectos
689 3600 724 3667 in
740 3601 872 3686 punctis
890 3602 933 3678 K,
952 3612 984 3668 et
1000 3601 1047 3680 L;
1064 3611 1300 3687 praeterquam
1317 3601 1408 3686 quod

312 3710 346 3776 in
371 3712 436 3778 hoe
461 3710 535 3797 ipso
560 3709 760 3778 haberemus
787 3709 954 3778 intentum
980 3721 1098 3778 contra
1124 3710 1219 3778 illum
1245 3711 1408 3798 angulum

313 3819 423 3898 BAN,
449 3842 492 3888 ne
516 3818 642 3887 scilicet
667 3819 701 3886 in
726 3821 789 3887 hac
813 3818 871 3887 tali
899 3819 1029 3886 ratione
1054 3830 1230 3887 censeatur
1255 3819 1408 3888 omnium
