3174 5050
319 485 361 553 lis
377 484 442 572 ipsi
459 484 533 564 BA,
551 483 782 572 jungaturque
799 482 878 550 AK.
920 481 1094 570 Quoniam
1110 481 1215 570 igitur
1231 502 1333 568 super
1351 476 1415 549 BD

319 594 642 682 perpendiculariter
679 593 839 661 insistunt
877 592 1033 678 aequales
1072 602 1182 660 rectae
1221 591 1295 670 BA,
1335 591 1414 669 DK,

320 705 476 791 aequales
491 714 591 772 erunt
605 704 668 791 (ex
683 703 793 790 prima
808 702 932 789 hujus)
947 702 1062 788 anguli
1074 701 1184 781 BAK,
1195 701 1309 768 DKA.
1337 701 1416 768 Hoc

320 825 434 882 autem
451 813 637 882 absurdum
654 823 722 894 est;
740 834 818 880 cum
836 813 981 900 angulus
1000 811 1101 880 BAK
1119 811 1163 880 sit
1181 833 1225 879 ex
1243 820 1416 878 construc-

320 924 412 991 tione
434 923 548 991 minor
570 922 746 1010 supposito
769 932 861 990 recto
884 921 996 1002 BAC;
1019 932 1053 989 et
1074 921 1220 1007 angulus
1244 918 1350 988 DKA
1372 919 1416 987 sit

320 1055 364 1100 ex
389 1032 640 1101 constructione
665 1042 836 1111 externus
863 1042 964 1118 atque
990 1031 1067 1098 ideo
1099 1030 1163 1117 (ex
1187 1029 1415 1098 decimasexta

320 1141 440 1229 primi)
467 1141 581 1228 major
602 1141 746 1221 interno,
768 1152 802 1208 et
824 1140 980 1227 opposito
1003 1139 1111 1219 DCA,
1135 1139 1192 1226 qui
1215 1139 1416 1225 supponitur

321 1261 441 1319 rectus.
487 1251 567 1318 Non
586 1273 670 1338 ergo
688 1251 851 1318 alterutra
870 1250 1120 1336 praedictarum
1140 1260 1318 1328 rectarum,
1340 1248 1414 1327 DC,

321 1360 395 1440 BA,
419 1371 471 1428 est
493 1361 599 1428 altera
621 1359 745 1446 major,
770 1361 852 1428 dum
875 1359 991 1446 anguli
1014 1361 1059 1427 ad
1082 1358 1237 1445 junctam
1261 1359 1324 1427 CD
1348 1357 1415 1425 sint

321 1469 421 1551 recti3
458 1492 497 1537 ac
521 1480 700 1556 propterea
724 1470 880 1554 aequales
906 1468 1051 1536 invicem
1076 1479 1163 1537 sunt.
1215 1468 1319 1555 Quod
1343 1477 1416 1535 erat

320 1579 431 1665 primo
448 1579 523 1646 loco
541 1580 853 1647 demonstrandum.
876 1574 918 1643 [³]

390 1689 654 1757 Demonstratur
671 1689 819 1756 secunda
836 1709 924 1774 pars.
969 1688 1006 1757 Si
1024 1698 1138 1756 autem
1155 1688 1267 1755 obtusi
1287 1687 1417 1756 fuerint

320 1798 436 1885 anguli
456 1800 500 1866 ad
520 1797 674 1883 junctam
695 1798 768 1877 CD,
790 1797 988 1880 dividantur
1007 1797 1170 1865 bifariam
1190 1797 1264 1877 AB,
1286 1809 1320 1866 et
1341 1797 1414 1876 CD,

320 1907 356 1975 in
370 1908 502 1994 punctis
518 1909 568 1987 M,
585 1919 618 1976 et
633 1909 681 1986 H,
696 1907 928 1994 jungaturque
944 1907 1032 1976 MH.
1074 1907 1247 1996 Quoniam
1263 1929 1345 1994 ergo
1361 1929 1416 1975 su-

320 2038 381 2104 per
410 2027 502 2085 recta
532 2019 611 2086 ΜΗ
641 2016 963 2103 perpendiculariter
993 2017 1154 2085 insistunt
1189 2008 1254 2103 (ex
1282 2039 1416 2103 praece-

321 2127 440 2213 dente)
464 2128 550 2195 duae
568 2137 678 2195 rectae
696 2127 781 2205 AM,
802 2127 879 2205 CH,
898 2126 1101 2213 poniturque
1119 2129 1163 2195 ad
1180 2126 1335 2213 junctam
1353 2126 1416 2195 AC

321 2236 466 2322 angulus
482 2248 593 2304 rectus
608 2236 643 2302 in
659 2235 702 2315 A,
719 2258 789 2303 non
805 2235 869 2303 erit
890 2236 954 2323 (ex
968 2236 1079 2322 prima
1094 2235 1218 2322 hujus)
1241 2247 1332 2305 recta
1349 2237 1416 2306 CH

321 2345 471 2432 aequalis
494 2345 557 2431 ipsi
580 2345 666 2424 AM,
690 2367 767 2412 cum
790 2345 877 2413 desit
899 2345 1044 2432 angulus
1068 2357 1178 2413 rectus
1201 2346 1236 2413 in
1260 2347 1297 2415 C.
1348 2347 1416 2415 Sed

321 2476 429 2540 neque
448 2454 513 2523 erit
530 2454 662 2540 major:
681 2465 852 2523 caeterum
871 2466 1006 2540 sumpta
1025 2455 1060 2522 in
1080 2455 1148 2524 HC
1167 2455 1323 2542 portione
1343 2456 1414 2523 KH

321 2564 453 2650 aequali
468 2563 531 2650 ipsi
545 2563 631 2642 AM,
647 2565 803 2650 aequales
820 2564 935 2632 iorent
956 2564 1018 2651 (ex
1032 2564 1142 2650 prima
1156 2565 1280 2651 hujus)
1300 2566 1415 2653 anguli

321 2675 365 2741 ad
390 2672 544 2759 junctam
569 2673 648 2741 AK.
699 2675 778 2741 Hoc
802 2684 916 2742 autem
941 2673 1127 2742 absurdum
1152 2685 1212 2753 est,
1239 2686 1277 2743 ut
1303 2696 1414 2762 supra.

323 2782 414 2851 Nam
429 2783 573 2870 angulus
589 2783 701 2850 MAK
715 2792 765 2849 est
780 2783 893 2850 minor
908 2794 1017 2864 recto;
1032 2794 1066 2851 et
1080 2784 1225 2871 angulus
1241 2784 1352 2853 HKA
1366 2795 1416 2852 est

327 2892 391 2979 (ex
409 2892 638 2960 decimasexta
656 2891 776 2978 primi)
800 2891 915 2977 major
934 2893 1066 2972 obtus0,
1087 2892 1196 2980 qualis
1215 2894 1417 2980 supponitur

321 3002 484 3080 internus
504 3012 537 3069 et
555 3001 730 3088 oppositus
750 3001 862 3069 HCA.
906 3001 1026 3070 Restat
1044 3002 1158 3089 igitur,
1178 3015 1216 3071 ut
1236 3004 1313 3083 CH,
1334 3005 1416 3073 dum

321 3111 436 3198 anguli
461 3112 505 3178 ad
529 3111 683 3198 junctam
709 3111 772 3179 CD
796 3123 966 3196 ponantur
991 3111 1113 3191 obtusi,
1137 3112 1250 3181 minor
1275 3114 1319 3181 sit
1344 3114 1416 3201 ipsa

321 3219 414 3302 AM;
432 3243 471 3288 ac
488 3231 667 3305 propterea
683 3219 807 3306 prioris
825 3221 928 3306 dupla
946 3221 1009 3290 CD
1026 3221 1140 3289 minor
1157 3221 1201 3290 sit
1218 3224 1415 3308 posterioris

321 3329 424 3416 dupla
442 3329 516 3397 AB.
561 3329 664 3417 Quod
683 3340 757 3397 erat
775 3331 924 3398 secundo
942 3331 1018 3398 loco
1037 3332 1349 3401 demonstrandum.

390 3441 655 3507 Demonstratur
669 3439 769 3507 tertia
783 3461 871 3524 pars.
911 3441 1067 3508 Tandem
1081 3462 1173 3520 vero,
1191 3441 1218 3509 si
1235 3443 1323 3510 acuti
1342 3442 1416 3512 iue-

322 3548 391 3617 rint
407 3549 522 3635 anguli
539 3550 583 3616 ad
601 3548 755 3635 junctam
772 3549 846 3628 CD,
864 3550 965 3617 ducta
982 3548 1218 3635 pariiormiter
1240 3551 1304 3639 (ex
1320 3575 1417 3640 prae·

321 3657 479 3744 cedente)
508 3657 776 3746 perpendiculari
802 3659 892 3738 MH,
918 3657 966 3726 sic
989 3659 1193 3745 proceditur.
1243 3661 1415 3749 Quoniam
