3174 5050
315 521 416 586 super
440 510 532 568 recta
555 499 634 568 MH
658 497 980 586 perpendiculariter
1004 498 1164 568 insistunt
1188 499 1276 568 duae
1300 506 1411 566 rectae

311 608 398 690 AM,
414 608 492 688 CH,
506 607 711 696 poniturque
724 608 769 677 ad
782 607 937 695 junctam
950 607 1014 678 AC
1028 609 1173 696 angulus
1188 619 1299 677 rectus
1312 607 1348 674 in
1363 606 1406 684 A,

314 740 385 788 non
398 717 464 786 erit
483 718 676 806 (utsupra)
697 728 788 786 recta
804 718 871 787 CH
886 717 1036 805 aequalis
1050 717 1113 804 ipsi
1128 716 1215 797 AM,
1232 738 1310 786 cunr
1324 715 1411 785 desit

314 827 460 916 angulus
483 839 594 897 rectus
616 827 652 895 in
674 826 712 897 C.
762 828 831 896 Sed
852 848 961 914 neque
982 827 1048 896 erit
1068 826 1199 895 minor:
1223 837 1411 906 caeterum;

218 957 222 968 ·
315 937 344 1005 si
359 936 395 1005 in
410 937 479 1008 HC
492 947 664 1024 protracta
679 948 834 1007 sumatur
849 937 918 1006 HL
933 936 1084 1023 aequalis
1099 936 1163 1023 ipsi
1180 936 1272 1016 AM;
1288 956 1410 1022 aequa-

314 1047 363 1115 les
381 1045 498 1116 iorent
519 1046 712 1135 (utsupra)
734 1046 849 1134 anguli
866 1048 911 1115 ad
926 1046 1081 1133 junctam
1097 1046 1170 1113 AL.
1200 1046 1281 1114 Hoc
1297 1056 1410 1115 autem

314 1156 500 1225 absurdum
519 1167 579 1224 est.
625 1157 717 1225 Nam
735 1157 881 1244 angulus
901 1157 1009 1224 MAL
1026 1168 1079 1224 est
1097 1179 1142 1224 ex
1159 1155 1410 1224 constructione

313 1265 428 1352 maj0r
453 1266 628 1352 supposito
654 1277 747 1335 recto
772 1266 895 1347 MAC;
932 1277 966 1334 et
991 1267 1135 1354 angulus
1161 1265 1265 1334 HLA
1290 1276 1341 1333 est
1366 1287 1410 1332 ex

313 1375 565 1445 constructione
593 1375 756 1456 internus,
786 1386 820 1443 et
847 1375 1033 1462 oppositus,
1063 1386 1165 1461 atque
1192 1375 1269 1443 ideo
1296 1375 1410 1442 minor

320 1485 383 1570 (ex
408 1485 638 1554 decimasexta
663 1484 783 1571 primi)
814 1496 957 1554 externo
983 1484 1096 1563 HCA‚
1124 1485 1181 1570 qui
1208 1483 1410 1571 supponitur

313 1605 441 1664 acutus.
490 1594 611 1663 Restat
634 1594 748 1682 igitur,
775 1605 812 1663 ut
836 1595 914 1673 CH,
941 1595 1023 1663 dum
1046 1593 1162 1682 anguli
1186 1595 1231 1662 ad
1255 1593 1409 1681 junctam

313 1703 377 1774 CD
391 1703 459 1772 sint
472 1703 573 1784 acuti,
587 1704 702 1790 major
716 1704 760 1772 sit
773 1703 847 1790 ipsa
861 1703 946 1783 AM,
962 1714 1063 1790 atque
1078 1703 1155 1772 ideo
1168 1702 1293 1790 prioris
1306 1703 1409 1790 dupla

313 1813 377 1883 CD
401 1813 516 1901 major
541 1813 585 1882 sit
607 1813 806 1900 posterioris
831 1813 933 1899 dupla
958 1813 1031 1880 AB.
1082 1813 1185 1900 Quod
1210 1824 1283 1881 erat
1307 1811 1408 1880 tertio

312 1922 696 1992 locodemonstandurn.
1006 1925 1008 1928 ’

382 2032 502 2119 Itaque
518 2042 652 2100 constat
668 2031 823 2118 junctam
841 2032 905 2100 CD
923 2030 1098 2118 aequalem
1116 2032 1203 2110 lore,
1222 2042 1282 2100 aut
1299 2032 1408 2100 mino·

315 2137 357 2206 [⁴]
381 2163 463 2220 rem,
485 2152 544 2210 aut
563 2140 732 2227 majorem
753 2140 826 2227 ipsa
846 2141 920 2220 AB,
942 2152 1044 2227 prout
1064 2141 1180 2227 anguli
1201 2143 1245 2209 ad
1265 2142 1407 2209 eandem

311 2249 376 2321 CD
398 2251 528 2319 fuerint
549 2262 608 2319 aut
629 2250 720 2330 recti,
743 2261 801 2319 aut
822 2250 944 2328 obtusi,
967 2261 1025 2319 aut
1046 2251 1145 2318 acuti.
1191 2250 1289 2337 Quae
1310 2261 1407 2318 erant

311 2361 585 2429 demonstranda.

691 2556 981 2614 COROLLARIUM
1002 2558 1023 2613 Ι.

380 2684 474 2753 Hinc
489 2684 525 2752 in
541 2685 634 2754 omni
651 2685 882 2772 quadrilatero
898 2685 1091 2755 continente
1107 2698 1176 2755 tres
1193 2686 1331 2774 quidem
1347 2709 1406 2756 an-

310 2795 409 2882 gulos
428 2805 547 2874 rectos,
568 2804 602 2863 et
620 2817 727 2863 unum
746 2795 915 2874 obtusum,
936 2806 995 2864 aut
1014 2805 1161 2875 acutum,
1182 2797 1290 2865 latera
1308 2796 1406 2884 adja-

309 2903 420 2975 centia
438 2903 487 2971 illi
507 2903 634 2991 angulo
654 2926 724 2973 non
744 2915 838 2972 recto
856 2904 990 2972 minora
1011 2916 1099 2984 sunt,
1122 2905 1266 2974 alterum
1287 2906 1404 2983 alteru,

309 3012 471 3082 lateribus
488 3012 737 3101 contrapositis,
756 3012 784 3081 si
803 3013 859 3081 ille
876 3015 1020 3101 angulus
1039 3013 1082 3082 sit
1100 3015 1251 3094 obtusus,
1269 3015 1405 3103 majora

237 3131 239 3135 ’
309 3133 433 3202 autem,
454 3122 483 3190 si
502 3123 546 3191 sit
565 3134 693 3192 acutus.
738 3123 780 3193 Id
799 3123 890 3190 enim
910 3124 1180 3193 demonstratum
1199 3125 1272 3211 jam
1292 3136 1344 3193 est
1363 3127 1405 3194 de

309 3233 415 3301 latere
436 3233 504 3302 CH
527 3233 630 3301 relate
652 3235 697 3301 ad
718 3232 987 3319 contrapositum
1009 3233 1097 3301 latus
1120 3233 1213 3315 AM;
1237 3234 1405 3321 similique

307 3342 412 3412 modo
437 3342 628 3410 ostenditur
652 3343 694 3410 de
718 3342 823 3410 latere
849 3341 913 3412 AC
938 3343 1042 3410 relate
1066 3344 1110 3410 ad
1136 3343 1403 3430 contrapositum

308 3452 397 3521 latus
417 3452 506 3521 MH.
552 3452 641 3521 Cum
660 3450 751 3520 enirn
772 3462 882 3520 rectae
902 3451 976 3531 AC,
999 3453 1089 3531 MH,
1111 3453 1403 3539 perpendiculares

308 3559 376 3629 sint
398 3559 462 3647 ipsi
485 3561 571 3641 AM,
594 3571 766 3647 nequeunt
794 3560 857 3647 (ex
878 3560 988 3648 prima
1011 3560 1135 3647 hujus)
1163 3583 1236 3632 esse
1259 3562 1403 3632 invicem

308 3671 475 3758 aequales,
504 3681 644 3758 propter
672 3669 865 3756 inaequales
893 3670 1038 3757 angulos
1066 3672 1111 3739 ad
1140 3670 1295 3757 Junctam
1323 3673 1400 3743 CH.

310 3779 378 3851 Sed
394 3800 502 3867 neque
524 3779 579 3867 (in
595 3779 774 3867 hypothesi
790 3779 906 3868 anguli
923 3779 1034 3849 obtusi
1052 3779 1088 3847 in
1104 3779 1152 3867 C)
1174 3791 1286 3868 potest
1302 3804 1402 3870 quae·
