3174 5050
372 419 671 488 decimamsextam
687 419 798 506 primi,
816 418 931 506 major
948 429 1084 487 estnon
1102 419 1213 487 solum
1230 419 1357 506 angulo
1374 428 1463 487 recto

372 528 476 609 BPA,
493 551 613 597 verum
628 528 731 598 etiam
746 527 920 615 quibusvis
936 529 1056 596 eodem
1071 527 1171 596 titulo
1186 527 1316 597 obtusis
1331 528 1463 615 angulis

372 637 481 718 BXA,
502 648 638 725 sumpto
656 648 782 724 puncto
800 638 834 704 X
851 637 990 706 ubilibet
1010 637 1100 705 intra
1118 638 1227 724 ipsam
1246 637 1320 717 ΡΑ,
1340 649 1374 706 et
1392 637 1463 724 qui-

371 750 458 829 dem,
478 758 617 835 propter
634 749 777 816 eandem
794 747 1094 816 decimamsextam
1113 746 1223 834 primi,
1244 768 1377 833 semper
1394 769 1464 814 ma·

370 858 513 946 joribus,
539 859 621 926 dum
645 867 808 943 punctum
832 856 866 923 X
891 856 1075 925 assumitur
1100 855 1239 944 propius
1263 867 1388 943 puncto
1413 857 1462 923 A:

370 988 579 1054 consequens
593 963 773 1053 pla-[1⁹]ne
788 977 848 1046 est,
864 977 902 1034 ut
916 966 1005 1034 inter
1019 967 1102 1033 istos
1118 967 1271 1052 angulos,
1287 988 1394 1035 unum
1408 966 1462 1035 90.

371 1078 540 1164 graduum
558 1075 593 1144 in
611 1087 736 1163 puncto
755 1077 793 1156 P,
812 1087 846 1144 et
864 1076 1008 1144 alterum
1024 1075 1078 1144 92.
1099 1077 1269 1164 graduum
1287 1075 1322 1144 in
1340 1086 1464 1163 puncto

371 1185 414 1266 A,
438 1208 526 1255 unus
549 1184 736 1272 reperiatur
758 1185 902 1272 angulus
926 1185 1035 1263 BXA,
1059 1185 1116 1271 qui
1140 1184 1184 1253 sit
1205 1185 1259 1254 91.
1285 1187 1462 1273 graduum,

370 1296 532 1364 nimirum
551 1295 701 1382 aequalis
720 1297 802 1364 dato
819 1295 945 1382 angulo
964 1295 1005 1362 R.

441 1405 682 1484 Nihilominus,
703 1405 830 1473 omissa
848 1414 1020 1491 postrema
1039 1405 1102 1473 hac
1121 1404 1357 1473 observatione
1377 1405 1464 1473 circa

371 1515 534 1601 angulum
561 1515 729 1594 obtusum,
758 1536 878 1584 cavere
905 1513 1161 1602 diligentissime
1188 1525 1332 1601 oportet,
1361 1515 1397 1583 in
1424 1536 1464 1582 eo

371 1623 517 1710 positam
548 1646 621 1692 esse
652 1623 883 1692 difficultatem
914 1623 1003 1692 illius
1033 1623 1247 1710 pronunciati
1278 1623 1463 1702 Euclidaei,

370 1733 463 1820 quod
485 1733 567 1802 velit
590 1754 769 1802 occursum
793 1734 938 1801 duarum
963 1743 1148 1814 rectarum;
1172 1732 1207 1800 in
1233 1732 1326 1802 illam
1348 1733 1464 1820 utique

370 1854 511 1929 partem,
533 1844 578 1911 ad
599 1864 702 1930 quam
722 1864 800 1911 cum
821 1854 912 1910 recta
933 1841 1101 1911 incidente
1122 1843 1208 1911 duos
1231 1844 1374 1931 angulos
1395 1843 1465 1910 effi-

294 1979 301 1993 ·
370 1952 461 2020 ciant
476 1953 609 2021 duobus
625 1951 724 2020 rectis
739 1952 888 2020 minores
897 1975 905 2032 ;
922 1962 1022 2039 atque
1039 1951 1086 2019 ita
1102 1950 1239 2038 quidem
1255 1953 1465 2040 praedictum

371 2083 549 2130 occursum
574 2061 664 2141 velit,
692 2071 970 2148 quantaecunque
996 2059 1219 2148 longitudinis
1244 2061 1289 2129 sit
1314 2060 1465 2130 incidens

370 2169 551 2258 assignata.
593 2171 774 2242 Caeterum
789 2169 880 2239 enim
901 2172 958 2257 (ut
973 2171 1046 2257 jam
1060 2170 1178 2239 monui
1194 2171 1229 2238 in
1245 2173 1465 2258 praecedente

372 2280 529 2367 Scholio)
551 2280 792 2349 demonstrabo
808 2280 1000 2368 generalem
1017 2280 1119 2349 istum
1135 2302 1314 2349 occursum
1330 2303 1375 2348 ex
1392 2281 1465 2349 solo

370 2390 520 2459 admisso
539 2411 681 2458 occursu
699 2389 880 2476 ejusmodi,
901 2391 983 2458 dum
1002 2412 1089 2458 unus
1109 2389 1313 2477 angulorum
1332 2390 1376 2458 sit
1395 2413 1465 2458 rec-

369 2510 442 2580 tus;
458 2510 491 2567 et
507 2498 654 2586 quidem,
671 2498 802 2566 etiamsi
819 2499 969 2567 admisso
985 2521 1054 2566 non
1070 2521 1135 2586 pro
1149 2499 1297 2585 qualibet
1313 2500 1466 2588 assigna-

370 2609 428 2676 bili
443 2608 538 2677 finita
551 2608 729 2687 incidente,
745 2609 804 2676 sed
819 2609 929 2677 solum
943 2607 1094 2677 admisso
1108 2608 1198 2677 intra
1212 2608 1336 2676 limites
1350 2609 1466 2696 cujus·

371 2719 450 2786 dam
473 2717 665 2806 assignatae
688 2717 908 2804 parvissimae
932 2717 1119 2786 incidentis.

747 2929 988 2988 PROPOSITIO
1008 2931 1088 2988 XIV.

370 3077 409 3144 H
409 3075 583 3164 ypothesis
597 3076 715 3162 oupuli
730 3075 843 3146 obtusi
858 3087 909 3145 est
923 3078 1075 3146 absolute
1090 3078 1191 3165 falsa,
1208 3076 1289 3164 quio
1303 3101 1340 3147 se
1356 3077 1465 3165 ipsam

440 3187 445 3200 '
462 3185 615 3254 destruit.

440 3370 712 3438 Demonstratur.
754 3369 810 3436 Ex
826 3370 1004 3456 hypothesi
1020 3371 1136 3457 anguli
1153 3371 1274 3452 obtusi,
1292 3383 1465 3459 assumpta

321 3535 323 3540 .
370 3490 408 3554 ut
423 3501 514 3558 vera,
531 3479 604 3566 jam
621 3479 796 3548 elicuimus
811 3478 990 3548 veritatem
1006 3479 1095 3549 illius
1113 3481 1333 3563 Pronunciati
1352 3483 1466 3551 Eucli-

370 3589 464 3672 daei;
484 3590 575 3676 quod
597 3590 683 3657 duae
705 3598 815 3656 rectae
835 3587 898 3656 sibi
920 3588 1064 3673 invicem
1084 3589 1119 3656 in
1140 3589 1254 3676 aliquo
1274 3602 1400 3678 puncto
1421 3593 1466 3661 ad

370 3720 427 3767 eas
440 3709 553 3786 partes
568 3720 769 3770 occursurae
782 3697 860 3777 sint,
876 3699 919 3766 ad
932 3720 1016 3785 quas
1032 3709 1122 3767 recta
1136 3700 1312 3785 quaedam,
1329 3703 1466 3770 easdem

371 3830 497 3889 secans,
514 3810 601 3877 duos
616 3807 863 3896 qualescunque
878 3806 1030 3875 effecerit
1045 3807 1196 3876 internos
1211 3810 1364 3898 angulos,
1381 3812 1468 3880 duo-

369 3919 432 3986 bus
455 3917 554 3986 rectis
575 3917 734 3986 minores.
783 3917 902 3987 Stante
923 3926 1037 3985 autem
1059 3918 1123 3985 hoc
1146 3918 1386 4000 Pronunciat0‚
1411 3921 1466 3990 cui
