3148 5054
340 380 476 468 stratis)
501 380 578 448 illae
598 379 684 448 aliae
704 378 814 457 AXB,
836 388 870 446 et
891 377 1012 455 AXM,
1034 375 1119 444 citra
1140 397 1276 444 omnem
1298 395 1442 442 suarum

341 492 461 560 talium
485 488 779 558 continuationum
804 486 1085 564 immutationem,
1112 485 1281 572 suscipere
1308 483 1443 570 possint

341 602 405 670 sub
424 601 543 669 eadem
564 599 706 666 immota
726 598 795 664 AX
817 597 900 665 alias
922 598 957 664 in
977 597 1097 664 eodem
1118 597 1220 681 plano
1241 593 1442 680 positiones,

341 710 457 798 quales
471 720 550 778 sunt
564 708 714 795 ipsarum
729 708 838 786 AXC,
853 718 887 775 et
901 706 1009 774 AXF.
1038 705 1149 793 Igitur
1163 705 1221 772 illa
1235 704 1308 772 sola
1322 703 1443 778 AXD,

341 819 441 905 cujus
457 840 578 905 nempe
594 816 804 886 continuatio
821 817 890 884 XD
906 826 981 884 tum
997 816 1031 883 in
1048 817 1169 884 eodem
1184 836 1262 883 cum
1278 813 1353 899 ipsa
1371 813 1444 880 AX

341 929 444 1016 plano
462 928 597 1006 existat,
618 938 691 995 tum
710 927 813 994 etiam
833 948 939 1012 aeque
958 925 1098 993 omnino
1119 946 1154 992 se
1173 924 1295 992 habeat
1316 922 1352 990 in
1373 923 1445 990 lae-

341 1061 430 1117 vam,
452 1060 491 1105 ac
510 1039 686 1106 dexteram
706 1048 836 1122 partem
856 1035 1047 1122 praedictae
1067 1035 1146 1113 AX,
1168 1044 1219 1102 est
1237 1034 1328 1100 linea
1347 1043 1445 1100 recto

342 1148 443 1234 juxta
462 1147 665 1234 explicatam
683 1146 925 1223 definitionem,
946 1167 1006 1214 seu
1024 1144 1234 1212 continuatio
1253 1143 1289 1210 in
1308 1153 1445 1210 rectum

342 1257 498 1343 ejusdem
514 1255 789 1342 praesuppositae
807 1266 917 1322 rectae
934 1255 1011 1321 AX.

411 1367 469 1434 Ex
482 1366 603 1453 quibus
619 1365 776 1434 omnibus
790 1365 929 1432 tandem
944 1374 1076 1432 constat
1092 1363 1227 1431 evenire
1242 1385 1313 1430 non
1328 1384 1444 1448 posse,

342 1487 380 1545 ut
397 1499 504 1545 unum
521 1475 704 1563 quodpiam
722 1474 765 1542 sit
782 1496 961 1542 commune
979 1484 1191 1559 segmentum
1209 1474 1356 1541 duarum
1378 1468 1442 1536 [81]

343 1597 520 1655 rectarum.
564 1585 667 1672 Quod
686 1595 759 1652 erat
777 1584 1089 1652 demonstrandum.

740 1780 1037 1838 COROLLARIUM.

412 1911 469 1978 Ex
490 1911 621 1980 duobus
642 1910 835 1997 praemissis
856 1910 1043 1979 Lemmatis
1064 1909 1131 1978 tria
1151 1921 1341 1996 opportune
1362 1910 1443 1979 sub

343 2029 462 2088 notare
482 2019 568 2088 licet.
616 2021 735 2090 Unum
756 2031 823 2088 est:
846 2021 931 2088 duas
953 2030 1071 2098 rectas,
1094 2043 1202 2107 neque
1225 2021 1287 2088 sub
1308 2019 1443 2088 infinite

343 2152 449 2216 parva
462 2129 551 2198 inter
565 2129 654 2216 ipsas
669 2130 839 2208 distantia,
856 2130 1012 2198 claudere
1027 2129 1174 2215 spatium
1188 2151 1295 2216 posse.
1336 2130 1444 2198 Ratio

343 2250 403 2318 est,
424 2238 504 2325 quia
528 2239 648 2325 (prout
667 2239 701 2306 in
720 2238 831 2325 primo
848 2240 1044 2325 Lemmate)
1068 2239 1122 2307 vel
1141 2251 1284 2325 utraque
1304 2239 1444 2308 illarum

344 2349 405 2416 sub
432 2349 563 2416 duobus
590 2348 654 2415 illis
681 2348 915 2417 communibus
942 2349 1104 2416 extremis
1131 2348 1263 2434 punctis
1289 2348 1443 2416 immotis

344 2457 473 2526 revolvi
496 2469 610 2544 posset
631 2458 675 2525 ad
698 2481 825 2526 novum
848 2458 951 2527 situm
974 2460 1218 2544 occupandum,
1243 2469 1275 2525 et
1299 2458 1347 2525 sic
1376 2458 1443 2544 (ex

343 2566 416 2653 jam
437 2567 564 2636 tradita
584 2566 693 2637 lineae
717 2578 826 2636 rectae
848 2567 1063 2653 definitione)
1092 2578 1213 2637 neutra
1237 2569 1329 2636 foret
1350 2568 1443 2636 linea

344 2687 453 2744 recta:
475 2676 529 2745 vel
552 2699 620 2744 una
642 2687 776 2745 tantum
799 2676 834 2745 in
858 2699 920 2745 suo
943 2679 1063 2746 eodem
1086 2677 1155 2746 situ
1177 2677 1381 2763 persisteret,
1406 2689 1444 2746 et

344 2787 392 2854 sic
409 2786 466 2854 illa
484 2786 557 2854 sola
575 2797 666 2854 recta
682 2785 771 2854 linea
790 2787 889 2854 foret.
933 2787 1036 2873 Quod
1055 2798 1168 2855 autem
1185 2797 1329 2874 nequeat
1346 2798 1443 2856 utra-

344 2919 408 2982 que
432 2895 467 2962 in
491 2897 610 2964 eodem
633 2896 707 2981 ipso
732 2896 799 2964 situ
823 2896 1011 2982 persistere,
1038 2897 1119 2965 dum
1144 2896 1281 2983 aliquod
1305 2896 1443 2964 conclu-

344 3007 427 3073 dant
452 3006 608 3090 spatium,
637 3005 768 3073 etiamsi
796 3005 925 3073 infinite
950 3028 1105 3091 parvum,
1132 3007 1355 3075 manifestum
1381 3007 1444 3076 fiet

344 3109 571 3182 consideranti
595 3137 694 3200 posse
719 3115 843 3182 faciem
866 3115 954 3184 illius
978 3116 1079 3201 plani,
1104 3115 1138 3183 in
1161 3138 1229 3202 quo
1252 3116 1329 3184 illae
1352 3117 1443 3184 duae

344 3224 542 3304 consistunt,
565 3224 715 3292 converti
737 3226 779 3292 de
800 3247 946 3310 superna
966 3224 1000 3291 in
1021 3225 1203 3305 infernam,
1225 3225 1442 3295 manentibus

346 3333 562 3420 caeteroquin
594 3334 628 3402 in
660 3357 724 3402 suo
755 3337 875 3402 eodem
906 3334 982 3402 loco
1013 3335 1144 3403 duobus
1177 3334 1243 3402 illis
1275 3333 1440 3404 extremis

344 3443 485 3528 punctis.
516 3527 519 3532 .

414 3553 572 3622 Alterum
601 3563 670 3622 est:
700 3577 808 3640 neque
837 3555 919 3636 item
948 3554 1052 3623 ullam
1082 3555 1206 3622 lineam
1236 3566 1372 3634 rectam,
1404 3554 1441 3622 in

345 3663 552 3750 quantalibet
579 3663 735 3750 ejusdem
774 3664 996 3750 productione
1037 3665 1072 3733 in
1101 3665 1276 3744 directum,
1307 3664 1440 3734 diffindi

344 3796 443 3859 posse
464 3773 499 3842 in
521 3775 615 3853 duas
638 3773 793 3860 quamvis
816 3775 879 3843 sub
900 3774 1029 3843 infinite
1051 3798 1156 3861 parva
1178 3775 1438 3861 intercapedine.

345 3884 448 3953 Ratio
470 3895 537 3965 est;
560 3885 638 3971 quia
667 3885 788 3971 (prout
810 3884 846 3951 in
868 3885 1088 3971 praecedente
1109 3884 1304 3971 Lemmate)
1333 3884 1441 3954 conti·
