3184 5054
311 444 496 514 absurdum
517 457 577 524 est,
600 445 635 513 in
656 443 833 532 hypothesi
855 444 970 531 anguli
992 442 1099 523 acuti;
1121 465 1198 510 cum
1219 453 1310 509 recta
1332 440 1404 509 KH

312 555 459 642 jungens
481 554 634 640 aequalia
657 554 895 640 perpendicula
917 554 991 631 KC,
1017 553 1098 630 HD,
1122 563 1240 620 acutos
1262 550 1406 637 angulos

312 665 433 732 efficiat
451 686 528 731 cum
545 664 671 732 eisdem
689 663 943 750 perpendiculis.
989 663 1068 728 Non
1087 685 1170 748 ergo
1187 660 1407 746 perpendicu-

314 773 394 840 laris
413 774 476 839 BD
493 773 608 858 major
624 785 673 840 est
697 773 751 859 (in
768 771 945 860 hypothesi
963 772 1078 858 anguli
1097 771 1205 855 acuti)
1227 769 1407 836 medietate

313 882 599 969 perpendicularis
620 883 699 950 MC.
745 882 848 969 Quod
868 892 941 948 erat
960 881 1271 949 demonstrandum.

691 1052 931 1110 PROPOSITIO
949 1054 1029 1108 XXI.

315 1171 441 1241 lisdem
471 1173 702 1243 manentibus:
733 1173 973 1260 Intellipantur
1001 1175 1037 1240 in
1067 1171 1236 1259 infinitum
1266 1170 1409 1258 produci

406 1282 499 1368 ipsae
514 1283 601 1365 AM,
619 1294 652 1351 et
666 1283 740 1351 AC.
782 1283 869 1350 Dico
887 1285 1069 1350 earundem
1087 1282 1282 1350 distantiam
1299 1282 1409 1368 majo-

408 1389 479 1460 'rem
497 1393 577 1479 fore
599 1394 655 1479 (in
672 1403 814 1478 utruque
833 1392 1011 1480 hypothesi
1029 1403 1088 1460 aut
1105 1391 1222 1476 anpuli
1238 1391 1331 1471 recti,
1351 1401 1410 1458 out

408 1501 525 1588 anpuli
546 1501 654 1588 acuti)
682 1502 830 1589 qualibet
852 1500 1048 1588 ossipnobili
1069 1500 1165 1588 finito
1187 1499 1408 1586 loupitudine.

412 1609 469 1676 [29]
1009 1627 1011 1632 ·

387 1754 658 1823 Demonstratur.
699 1755 740 1821 In
756 1756 831 1822 AM
846 1756 1044 1823 continuata
1058 1766 1212 1823 sumatur
1228 1756 1292 1821 AP
1308 1754 1410 1838 dupla

318 1863 422 1949 ipsius
443 1864 528 1942 AM,
551 1865 813 1950 demittaturque
834 1867 878 1932 ad
899 1865 962 1934 AC
982 1865 1214 1932 continuatam
1235 1863 1411 1951 perpendi-

317 1973 440 2040 cularis
461 1974 534 2040 PN.
581 1974 661 2041 Non
680 1973 744 2041 erit
768 1974 831 2059 (ex
850 1974 1088 2060 praecedente)
1114 1974 1149 2040 in
1168 1973 1297 2042 utravis
1316 1995 1412 2059 prae-

317 2081 407 2150 dicta
423 2083 600 2169 hypothesi
618 2083 904 2169 perpendicularis
922 2084 993 2152 MC
1010 2083 1124 2168 major
1140 2083 1320 2150 medietate
1338 2104 1412 2168 per·

318 2191 543 2276 pendicularis
558 2193 633 2258 PN.
674 2192 785 2280 Igitur
800 2194 864 2259 PN
880 2193 999 2259 saltem
1014 2193 1077 2260 erit
1093 2193 1196 2277 dupla
1210 2193 1314 2277 ipsius
1331 2192 1411 2270 MC,

318 2312 419 2387 prout
439 2301 509 2369 MC
527 2302 646 2369 saltem
664 2313 715 2369 est
733 2302 835 2387 dupla
853 2301 991 2369 alterius
1012 2303 1084 2368 BD.
1129 2301 1242 2387 Atque
1262 2303 1308 2369 ita
1327 2323 1413 2368 sem-

319 2433 388 2496 per,
413 2410 440 2476 si
464 2411 498 2476 in
522 2412 718 2479 continuata
741 2411 815 2478 AM
840 2422 993 2478 sumatur
1017 2412 1119 2496 dupla
1143 2411 1247 2496 ipsius
1272 2411 1345 2489 ΑΡ,
1370 2434 1413 2479 ex

278 2584 280 2588 .
319 2519 461 2606 ejusque
482 2520 628 2588 termino
649 2520 847 2588 demittatur
867 2521 1153 2607 perpendicularis
1174 2523 1218 2589 ad
1238 2522 1414 2588 continua-

319 2640 391 2696 tam
412 2629 484 2697 AC.
534 2630 667 2698 Scilicet
690 2613 986 2714 perpendicularis,
1010 2652 1095 2714 quae
1118 2653 1162 2698 ex
1184 2630 1259 2697 AM
1283 2652 1415 2716 semper

319 2739 429 2826 magis
451 2739 647 2807 continuata
669 2739 864 2806 demittetur
886 2741 929 2806 ad
951 2739 1183 2807 continuatam
1205 2740 1278 2819 Ac,
1302 2740 1415 2808 multi·

320 2848 399 2934 plex
415 2848 479 2916 erit
496 2848 738 2916 determinatae
757 2849 821 2914 BD
839 2870 941 2933 supra
959 2849 1140 2933 quemlibet
1158 2850 1291 2917 finitum
1309 2849 1415 2936 assig-

320 2957 466 3024 nabilem
493 2980 681 3024 numerum.
735 2957 846 3044 Igitur
873 2958 1123 3043 praedictarum
1151 2970 1319 3027 rectarum
1348 2959 1416 3026 dis-

321 3067 428 3134 tantia
445 3067 560 3152 major
577 3066 640 3134 erit
664 3067 718 3153 (in
736 3078 879 3152 utraque
898 3068 1069 3152 praedicta
1087 3068 1285 3154 hypothesi)
1309 3068 1415 3155 quali-

323 3175 378 3243 bet
409 3175 603 3260 assignabili
636 3175 731 3243 finita
762 3175 982 3262 longitudine.
1039 3177 1142 3264 Quod
1174 3188 1246 3244 erat
1277 3179 1415 3245 demon-

321 3285 507 3353 strandum.

719 3443 1017 3539 conomnmuu.

392 3611 564 3698 Quoniam
590 3634 672 3679 vero
697 3612 893 3698 hypothesis
918 3613 1033 3700 anguli
1060 3613 1181 3692 obtusi,
1208 3637 1294 3699 quae
1320 3615 1416 3682 unice

323 3719 440 3790 obesse
465 3721 519 3788 hic
545 3731 668 3807 posset,
697 3723 928 3789 demonstrata
954 3722 1026 3807 jam
1054 3733 1104 3789 est
1131 3723 1283 3791 absolute
1311 3724 1417 3804 falsa;
