3148 5054
324 453 423 521 debet
443 454 713 520 demonstratum
734 451 767 519 in
788 451 960 519 XXVIII.
984 451 1098 537 hujus,
1120 462 1221 538 prout
1240 473 1366 519 moneo
1388 451 1424 517 in

323 562 479 648 ejusdem
499 561 700 630 Corollario.

394 671 514 758 Itaque
534 681 667 738 constat
687 693 793 740 unum
813 671 960 756 aliquem
984 671 1060 738 fore
1086 671 1140 757 (in
1161 670 1340 757 hypothesi
1362 692 1425 737 an·

324 780 394 868 guli
424 779 533 866 acuti)
568 779 830 849 determinatum
859 792 996 847 acutum
1025 780 1189 866 angulum
1218 779 1328 858 BAX,
1359 779 1426 848 sub

324 911 392 975 quo
407 892 528 957 educta
542 889 610 956 AX
626 911 694 956 non
710 889 774 956 nisi
790 890 834 957 ad
849 888 1017 957 infinitam
1031 889 1228 956 distantiam
1244 889 1371 957 incidat
1387 889 1424 955 in

329 995 386 1061 [70]
413 1021 488 1066 eam
511 999 586 1077 ΒΧ,
611 1021 650 1066 ac
672 1009 850 1084 propterea
874 998 917 1066 sit
940 998 1012 1084 ipsa
1034 999 1130 1065 limes
1154 998 1278 1083 partim
1301 998 1426 1065 intrin-

325 1129 430 1188 secus,
450 1107 576 1193 partim
594 1109 804 1176 extrinsecus
814 1132 822 1188 ;
841 1120 915 1175 tum
933 1131 1051 1176 earum
1070 1108 1233 1185 omnium,
1254 1130 1341 1194 quae
1360 1107 1426 1174 sub

324 1217 512 1286 minoribus
528 1218 635 1285 acutis
651 1218 784 1304 angulis
800 1220 843 1285 ad
859 1217 991 1285 finitam
1005 1217 1202 1285 distantiam
1218 1218 1371 1286 incidunt
1388 1219 1425 1284 in

325 1327 533 1413 praedictam
552 1327 635 1407 BX;
654 1339 728 1396 tum
747 1327 850 1394 etiam
870 1327 1023 1405 aliarum,
1045 1349 1130 1412 quae
1150 1327 1213 1394 sub
1232 1326 1425 1414 majoribus

325 1437 459 1524 angulis
479 1437 596 1515 acutis,
617 1459 723 1523 usque
742 1439 786 1504 ad
805 1437 969 1522 angulum
988 1446 1117 1504 rectum
1138 1436 1309 1514 inclusive,
1331 1459 1425 1505 corn-

325 1568 427 1614 mune
442 1546 596 1614 obtinent
613 1546 648 1613 in
664 1547 796 1614 duobus
813 1545 980 1614 distinctis
996 1545 1129 1631 punctis
1146 1547 1424 1631 perpendiculum

325 1678 403 1723 cum
422 1657 541 1724 eadem
561 1655 634 1722 ΒΧ.
680 1656 783 1743 Quod
803 1667 875 1723 erat
895 1665 955 1722 etc.

674 1876 917 1935 PROPOSITIO
934 1877 1073 1932 XXXIII.

326 2031 365 2098 H
365 2031 539 2120 ypothesis
551 2033 669 2118 eupuli
682 2032 773 2101 acuti
785 2043 836 2100 est
849 2034 1001 2101 obsolute
1014 2034 1123 2119 falsa·
1137 2033 1216 2120 quio
1230 2044 1427 2120 repugnans

418 2152 560 2210 naturae
579 2141 687 2210 lineae
705 2152 825 2210 rectae.

397 2300 668 2368 Demonstratur.
717 2302 772 2367 Ex
795 2301 988 2386 praemissis
1010 2303 1246 2370 Theorematis
1268 2313 1427 2369 constare

327 2420 438 2495 potest
456 2432 497 2478 eo
516 2411 654 2478 tandem
674 2413 857 2495 perducere
877 2412 1090 2481 Geometriae
1111 2411 1292 2480 Euclideae
1312 2412 1427 2479 inimi-

326 2540 402 2586 cam
417 2519 620 2605 hypothesin
636 2520 752 2608 anguli
768 2520 868 2599 acuti,
886 2531 924 2588 ut
940 2543 1123 2609 agnoscere
1140 2521 1322 2590 debeamus
1339 2523 1427 2590 duas

327 2628 362 2697 In
379 2630 500 2697 eodem
516 2629 619 2714 plano
636 2630 819 2697 existentes
838 2641 946 2698 rectas
964 2631 1043 2708 AX,
1062 2631 1137 2710 BX,
1157 2630 1295 2716 quaein
1313 2631 1428 2698 infini-

327 2749 401 2806 tum
421 2750 612 2824 protractae
634 2761 752 2807 versus
774 2761 830 2806 eas
851 2751 963 2825 partes
985 2751 1188 2825 punctorum
1209 2741 1242 2807 X
1265 2741 1300 2807 in
1321 2763 1427 2808 unam

326 2849 465 2916 tandem
490 2849 699 2934 eandemque
726 2859 852 2917 rectam
878 2849 1002 2916 lineam
1028 2849 1118 2916 coire
1145 2850 1298 2929 debeant,
1326 2850 1427 2918 nimi-

329 2980 405 3025 rum
426 2959 629 3044 recipiendo
652 2958 687 3025 in
709 2981 778 3026 uno
800 2959 985 3044 eodemque
1008 2958 1137 3026 infinite
1159 2958 1279 3027 dissito
1300 2971 1428 3046 puncto

329 3067 372 3146 X,
398 3089 577 3136 commune
602 3067 636 3134 in
660 3070 780 3135 eodem
804 3089 881 3136 cum
906 3067 987 3154 ipsis
1011 3069 1113 3154 plano
1137 3070 1425 3164 perpendiculum.

329 3177 502 3264 Quoniam
526 3199 608 3245 vero
633 3179 675 3244 de
698 3177 817 3263 primis
842 3176 923 3262 ipsis
946 3177 1120 3263 principiis
1145 3180 1317 3265 agendum
1340 3180 1427 3246 mihi

328 3287 383 3353 hic
405 3297 465 3364 est,
491 3286 671 3373 diligenter
693 3286 829 3364 curab0‚
855 3297 892 3354 ut
916 3285 999 3352 nihil
1024 3287 1180 3354 omittam
1203 3289 1299 3373 quasi
1324 3289 1428 3356 nimis

328 3397 523 3481 scrupulose
545 3395 729 3481 objectum,
754 3398 845 3480 quod
868 3396 1005 3480 quidem
1027 3396 1262 3464 exactissimae
1286 3400 1428 3466 demon-

328 3505 484 3573 strationi
502 3517 732 3591 opportunum
751 3525 823 3572 esse
841 3525 1053 3591 cognoscam.

781 3743 929 3800 LEMMA
944 3745 967 3800 1.

413 3899 513 3968 Duae
530 3911 641 3968 rectae
659 3900 767 3969 lineae
784 3899 931 3984 spatium
950 3921 1020 3967 non
1037 3903 1336 3987 comprehendunt.

399 4059 527 4129 Definit
552 4059 711 4128 Euclides
737 4059 861 4126 lineam
887 4069 1022 4138 rectam,
1049 4081 1135 4145 quae
1161 4083 1337 4149 exaequo
1363 4085 1428 4132 sua

328 4167 508 4255 interjacet
527 4178 660 4254 puncto.
708 4169 793 4236 Esto
816 4167 920 4254 igitur
946 4167 1021 4254 (fig.
1045 4167 1120 4254 37.)
1147 4169 1235 4239 linea
1257 4173 1427 4257 quaedam

856 4317 897 4357 ¹72
