3184 5054
331 481 492 550 habemus
522 479 689 547 intentum
717 477 905 547 communis
934 476 1173 564 perpendiculi,
1203 497 1281 544 cum
1309 494 1426 544 omnes

331 591 446 677 anguli
465 591 509 657 ad
527 601 650 676 puncta
670 591 705 656 K
723 599 956 675 supponantur
976 587 1074 667 recti;
1093 587 1146 653 vel
1165 607 1283 654 omnes
1301 586 1350 652 illi
1368 608 1427 652 an-

331 699 401 786 guli
419 709 592 784 ponuntur
607 699 718 766 obtusi
735 719 854 764 versus
871 708 983 782 partes
1001 696 1115 783 puncti
1132 695 1175 774 A,
1194 718 1232 763 ac
1249 706 1426 781 propterea

331 830 449 876 omnes
468 808 585 875 itidem
603 808 691 875 acuti
709 829 828 874 versus
846 817 959 893 partes
977 807 1092 892 puncti
1111 804 1155 883 X,
1175 815 1208 872 et
1226 803 1273 872 sic
1292 824 1428 873 rursum

245 956 248 963 ·
332 927 561 1004 argumentor.
602 916 776 1004 Quoniam
791 916 826 983 in
842 915 1072 1002 quadrilatero
1089 915 1234 981 KDHK
1251 913 1332 980 recti
1350 923 1427 980 sunt

336 1022 393 1088 [46]
413 1026 528 1113 anguli
545 1028 589 1094 ad
604 1037 728 1111 puncta
745 1027 789 1103 K,
807 1025 944 1110 ponitur
960 1036 1074 1092 autem
1089 1034 1207 1091 acutus
1224 1023 1368 1110 angulus
1384 1022 1428 1090 ad

332 1147 494 1220 punctum
518 1137 560 1214 D,
585 1135 649 1202 erit
677 1135 740 1220 (ex
763 1136 841 1203 Cor.
868 1134 913 1200 ΙΙ.
938 1145 1014 1219 post
1038 1136 1067 1202 3.
1093 1133 1217 1220 hujus)
1246 1133 1335 1200 latus
1359 1132 1428 1198 DK

332 1245 446 1330 majus
474 1245 578 1312 latere
606 1246 689 1312 HK.
744 1245 853 1312 Simili
882 1245 986 1311 modo
1014 1244 1211 1311 ostendetur
1239 1244 1327 1310 latus
1356 1242 1428 1309 HK

332 1354 446 1440 majus
463 1376 536 1421 esse
552 1354 656 1420 latere
673 1355 756 1433 LK;
772 1365 872 1438 atque
889 1354 937 1420 ita
954 1375 1095 1437 semper,
1113 1352 1325 1419 conferendo
1341 1352 1429 1418 inter

334 1485 369 1530 se
391 1463 684 1550 perpendiculares
706 1485 750 1530 ex
772 1463 920 1548 quolibet
941 1474 1067 1548 puncto
1089 1462 1210 1531 altiore
1232 1461 1337 1548 ipsius
1360 1460 1428 1526 AX

334 1572 497 1639 demissas
525 1573 568 1639 ad
595 1572 737 1639 alteram
765 1572 838 1638 ΒΧ.
892 1572 1110 1659 Quapropter
1136 1559 1228 1657 ipsae
1256 1570 1335 1649 AX,
1365 1570 1429 1636 ΒΧ

334 1703 466 1768 semper
482 1682 591 1768 magis
609 1703 727 1748 versus
745 1693 858 1767 partes
875 1682 990 1768 puncti
1010 1681 1043 1748 X
1060 1682 1104 1750 ad
1123 1702 1158 1748 se
1175 1681 1320 1748 invicem
1339 1701 1429 1747 acce-

334 1792 432 1858 dent:
451 1790 549 1878 Quae
566 1802 617 1858 est
634 1792 740 1858 altera
758 1813 836 1877 pars
854 1790 1018 1876 propositi
1037 1790 1210 1877 disjuncti.

404 1901 460 1966 Ex
477 1900 598 1985 quibus
615 1900 771 1966 omnibus
789 1911 921 1967 constat
938 1901 1023 1967 duas
1041 1899 1206 1984 quaslibet
1224 1910 1332 1966 rectas
1350 1898 1428 1997 AX,

336 2009 410 2088 ΒΧ,
439 2031 525 2094 quae
553 2010 587 2075 in
615 2011 734 2076 eodem
761 2009 863 2094 plano
891 2009 1048 2087 existant,
1078 2009 1132 2076 vel
1159 2031 1265 2077 unum
1294 2009 1431 2094 aliquod

341 2119 462 2204 (etiam
482 2118 518 2184 in
539 2118 717 2204 hypothesi
739 2117 854 2204 anguli
876 2118 985 2204 acuti)
1013 2140 1191 2186 commune
1212 2119 1335 2186 habere
1357 2139 1430 2203 per·

336 2227 560 2314 pendiculum,
580 2228 633 2293 vel
652 2227 687 2292 in
705 2228 903 2294 alterutram
922 2228 1064 2295 eandem
1082 2239 1212 2314 partem
1231 2238 1430 2312 protractas,

336 2335 400 2402 nisi
420 2336 602 2421 aliquando
621 2337 665 2403 ad
685 2335 815 2403 finitam
834 2336 1030 2404 distantiam
1049 2359 1117 2404 una
1136 2337 1170 2402 in
1190 2336 1331 2403 alteram
1351 2337 1431 2402 inci·

337 2447 405 2523 dat,
422 2466 554 2531 semper
568 2445 677 2531 magis
694 2447 737 2512 ad
753 2467 788 2512 se
805 2445 949 2512 invicem
965 2446 1131 2512 accedere.
1162 2446 1265 2532 Quod
1281 2457 1353 2512 erat
1369 2456 1428 2512 etc.

626 2698 628 2704 ’
718 2735 1008 2790 conormnrou
1031 2735 1052 2790 1.

407 2879 501 2945 Hinc
518 2879 633 2965 anguli
651 2902 769 2946 versus
786 2880 894 2947 basim
912 2881 976 2946 AB
993 2892 1092 2948 erunt
1110 2902 1242 2968 semper
1260 2881 1371 2949 obtusi
1390 2882 1433 2948 ad

338 2987 421 3054 illud
441 3000 603 3072 punctum
624 2973 729 3072 ipsius
751 2988 829 3067 AX,
852 3013 896 3056 ex
916 3012 984 3074 quo
1005 2990 1195 3058 demittitur
1215 2991 1433 3078 perpendicu-

338 3096 418 3164 laris
433 3097 476 3164 ad
491 3108 618 3164 rectam
632 3099 715 3165 ΒΧ;
730 3110 837 3177 erunt,
854 3100 1002 3184 inquam,
1019 3121 1151 3185 semper
1165 3100 1286 3180 obtusi,
1302 3100 1434 3186 quoties

339 3207 425 3273 dnae
443 3202 521 3273 'illae
541 3207 619 3285 AX,
641 3218 674 3274 et
694 3193 758 3274 BX
779 3230 910 3292 semper
929 3209 1039 3295 magis
1059 3211 1103 3277 ad
1123 3209 1323 3277 seinvicem
1343 3231 1434 3278 acce·

339 3316 421 3382 dant
435 3337 553 3383 versus
566 3326 678 3400 partes
693 3328 896 3402 punctorum
911 3319 962 3398 X;
976 3319 1067 3402 quod
1081 3318 1219 3404 quidem
1233 3341 1317 3387 sano
1331 3321 1435 3388 modo

338 3423 480 3510 intelligi
508 3424 615 3503 debet,
644 3426 806 3493 nimirum
834 3429 875 3493 de
910 3427 1243 3514 perpendicularibus
1280 3429 1434 3496 demissis

339 3544 417 3601 ante
435 3533 645 3619 praedictum
662 3557 850 3613 occursum,
870 3536 898 3602 si
918 3536 1009 3604 forte
1028 3538 1071 3604 ad
1089 3536 1222 3605 finitam
1239 3537 1434 3606 distantiam

340 3664 408 3709 una
424 3642 460 3708 in
476 3642 618 3710 alteram
634 3643 781 3712 incidere
798 3645 926 3712 debeat.
