3184 5054
332 430 441 500 dictae
454 429 540 497 LK:
554 427 635 516 Quo
649 437 759 496 stante
774 436 907 495 constat
920 426 1052 495 nullum
1066 445 1166 512 posse
1181 423 1311 493 obicem
1326 422 1431 490 inter-

331 561 476 610 currere.

774 732 985 792 SCHOLION.

278 876 280 881 ’
402 861 560 932 Dubitari
579 861 800 932 nihilominus
817 874 941 951 posset,
961 885 1005 931 an
1022 885 1067 930 ex
1084 861 1234 950 quolibet
1251 871 1376 948 puncto
1396 861 1430 929 K

338 973 532 1060 (assumpto
552 972 716 1042 nimirum
737 973 772 1040 in
794 973 858 1040 ΒΧ
880 983 958 1041 ante
979 995 1158 1041 occursum
1180 971 1285 1058 ipsius
1307 970 1371 1038 ΒΧ
1394 970 1428 1036 in

332 1081 474 1150 alteram
492 1082 580 1169 AX)
605 1083 892 1170 perpendicularis
911 1084 1032 1151 educta
1049 1103 1168 1150 versus
1186 1091 1299 1168 partes
1319 1090 1429 1148 rectae

332 1190 402 1260 AX
420 1214 597 1260 occurrere
615 1192 693 1261 huic
711 1192 832 1261 debeat
855 1192 931 1280 (fig.
950 1192 1027 1279 29.)
1052 1191 1087 1259 in
1105 1177 1223 1278 aliquo
1238 1200 1363 1278 puncto
1381 1190 1430 1268 L:

332 1302 414 1370 dum
430 1323 550 1388 nempe
566 1301 643 1369 illae
659 1303 756 1381 duae,
773 1313 851 1370 ante
867 1301 1078 1388 praedictum
1094 1322 1282 1379 occursum,
1301 1321 1429 1386 ponan-

332 1421 389 1480 tur
411 1412 455 1479 ad
479 1433 515 1480 se
539 1411 684 1479 invicem
708 1433 840 1497 semper
863 1411 973 1498 magis
997 1412 1164 1479 accedere.
1214 1410 1291 1498 Ego
1315 1420 1429 1477 autem

333 1520 410 1589 dico
427 1519 474 1588 ita
490 1521 631 1590 omnino
648 1532 852 1590 secuturum.

402 1629 675 1699 Demonstratur.
719 1629 944 1717 Assignatum
962 1629 1006 1697 sit
1024 1630 1060 1697 in
1079 1629 1144 1697 ΒΧ
1163 1629 1308 1716 quodvis
1326 1650 1430 1716 punc·

332 1749 406 1808 tum
423 1739 467 1807 K.
511 1739 675 1808 Sumatur
692 1738 727 1806 in
745 1739 813 1806 AX
831 1739 999 1826 quaedam
1016 1738 1091 1806 AM
1109 1738 1259 1825 aequalis
1278 1760 1429 1807 summae

332 1870 377 1916 ex
393 1848 466 1935 ipsa
482 1848 558 1928 ΒΚ,
575 1859 609 1918 et
624 1849 728 1935 dupla
743 1848 817 1916 AB.
858 1846 950 1918 Tum
966 1871 1010 1916 ex
1026 1859 1151 1936 puncto
1168 1850 1208 1916 M
1226 1849 1370 1917 ducatur
1386 1849 1429 1915 ad

333 1957 398 2025 ox
428 1957 549 2044 (juxta
576 1958 626 2025 12.
651 1957 772 2045 primi)
802 1957 1089 2045 perpendicularis
1114 1959 1201 2026 MN.
1250 1941 1327 2026 Erit
1352 1957 1428 2025 MN

338 2065 459 2153 (juxta
472 2078 684 2154 praesentem
697 2067 984 2154 suppositionem)
1002 2067 1116 2135 minor
1128 2068 1202 2154 ipsa
1215 2067 1289 2135 ΑΒ.
1314 2067 1429 2154 Quare

333 2175 408 2244 AM
434 2176 549 2264 (iacta
567 2176 717 2263 aequalis
737 2199 890 2246 summae
909 2200 953 2246 ex
973 2177 1046 2262 ipsa
1066 2177 1142 2256 ΒΚ,
1163 2187 1197 2246 et
1217 2177 1320 2263 dupla
1340 2176 1424 2263 AB)

331 2285 447 2372 major
463 2286 527 2353 erit
542 2307 676 2355 summa
692 2286 843 2374 ipsarum
859 2286 935 2366 ΒΚ,
954 2286 1028 2366 ΑΒ,
1045 2298 1079 2355 et
1095 2287 1181 2355 NM.
1223 2287 1302 2374 Jam
1317 2297 1429 2355 osten·

333 2396 413 2464 dere
432 2405 567 2483 oportet
586 2397 729 2464 eandem
749 2396 824 2464 AM
844 2397 1012 2464 minorem
1032 2418 1105 2464 esse
1126 2418 1259 2465 summa
1279 2397 1430 2483 ipsarum

333 2504 410 2584 BN,
431 2503 505 2584 AB,
525 2514 558 2573 et
577 2505 664 2585 MN,
685 2516 723 2575 ut
742 2505 820 2574 inde
839 2516 969 2573 constet
988 2529 1064 2574 eam
1083 2506 1149 2573 BN
1168 2505 1338 2593 majorem
1356 2528 1429 2573 esse

333 2614 505 2700 praedicta
518 2614 594 2694 ΒΚ,
609 2637 648 2683 ac
661 2625 840 2702 propterea
853 2627 1015 2700 punctum
1029 2617 1064 2683 K
1077 2614 1190 2702 jacere
1204 2615 1293 2683 inter
1306 2627 1430 2702 puncta

333 2724 373 2803 Β,
405 2735 439 2792 et
456 2724 499 2791 N.
540 2724 712 2812 Jungatur
729 2724 810 2792 ΒΜ.
852 2725 929 2792 Erit
946 2725 1034 2793 latus
1051 2725 1127 2792 ΑΜ
1150 2725 1214 2812 (ex
1229 2725 1284 2794 20.
1303 2725 1424 2812 primi)

332 2833 445 2902 minus
464 2834 596 2903 duobus
614 2833 714 2902 simul
733 2834 871 2920 reliquis
889 2833 1050 2902 lateribus
1069 2834 1143 2913 ΑΒ,
1163 2845 1196 2902 et
1215 2835 1296 2903 ΒΜ.
1340 2835 1429 2904 Rur-

333 2964 409 3011 sum
429 2937 487 3007 [51]
506 2943 594 3011 latus
611 2943 683 3011 ΒΜ
706 2943 769 3030 (ex
785 2945 904 3012 eadem
920 2943 974 3012 20.
992 2943 1112 3030 primi)
1134 2944 1247 3012 minus
1264 2943 1330 3013 erit
1346 2947 1429 3013 duo·

333 3053 395 3120 bus
414 3051 513 3120 simui
531 3052 692 3122 lateribus
712 3053 788 3131 BN,
808 3063 841 3120 et
859 3053 946 3120 MN.
991 3053 1103 3139 Igitur
1120 3054 1208 3122 latus
1228 3053 1303 3121 AM
1322 3055 1430 3123 multo

332 3161 446 3230 minus
464 3161 529 3230 erit
546 3161 654 3230 tribus
674 3163 773 3230 simul
793 3161 954 3231 lateribus
974 3162 1048 3242 AB,
1069 3163 1145 3242 BN,
1165 3175 1199 3231 et
1219 3164 1305 3231 NM.
1351 3151 1429 3232 Hoe

333 3281 447 3339 autem
466 3281 539 3339 erat
558 3273 815 3350 ostendendum,
836 3283 873 3340 ut
892 3282 1063 3340 constaret
1082 3283 1243 3359 punctum
1263 3275 1298 3341 K
1317 3273 1428 3360 jacere

334 3380 422 3448 inter
436 3391 560 3467 puncta
577 3381 616 3460 B,
633 3392 666 3449 et
682 3381 726 3448 N.
768 3381 853 3449 Inde
868 3391 982 3450 autem
998 3402 1207 3468 consequens
1222 3393 1283 3461 est,
1301 3395 1339 3451 ut
1355 3405 1429 3469 per-
