3148 5054
331 487 392 552 per
419 476 581 552 punctum
610 465 643 532 X
674 465 709 532 in
738 465 858 533 eodem
887 464 988 552 plano
1018 463 1223 532 continuatis
1254 462 1365 540 AXB,
1398 472 1433 529 et

331 575 439 644 AXC.
481 577 572 643 Tum
588 585 704 643 centro
722 575 765 652 X,
783 586 817 642 et
833 575 1012 641 intervallo
1029 574 1104 652 XB,
1122 573 1193 640 sive
1210 573 1286 651 XC,
1304 570 1433 639 descri-

331 685 431 754 batur
446 705 545 752 arcus
564 685 676 762 BMC,
694 686 738 752 ad
756 683 856 770 cujus
874 683 1048 770 quodlibet
1065 693 1227 769 punctum
1247 684 1286 750 M
1305 682 1430 768 junga-

330 805 388 862 tur
401 817 445 862 ex
459 805 584 879 puncto
600 793 634 859 X
649 805 742 862 recta
756 793 842 860 XM.

401 903 489 970 Dico
514 903 635 989 primo,
664 901 789 970 lineam
816 902 927 970 AXM
958 903 1034 971 lore
1061 913 1095 971 et
1122 901 1241 987 ipsam,
1270 902 1306 967 in
1336 901 1431 968 iacta

331 1009 601 1099 hy-ttdpothesi,
622 1012 746 1079 lineam
766 1023 902 1090 rectam,
924 1034 969 1078 ex
988 1022 1113 1096 puncto
1133 1010 1168 1077 Α
1186 1032 1246 1097 per
1265 1021 1430 1096 punctum

331 1122 364 1188 X
388 1123 628 1190 continuatam.
680 1121 716 1191 Si
741 1122 832 1189 enim
856 1122 944 1188 linea
968 1120 1138 1207 ejusmodi
1164 1130 1255 1188 recta
1279 1142 1349 1187 non
1373 1118 1429 1197 sit,

330 1231 407 1300 duci
421 1231 545 1316 poterit
566 1232 629 1317 (ex
643 1231 722 1300 Cor.
735 1230 760 1298 I.
772 1231 1003 1316 praecedentis
1018 1229 1224 1317 Lemmatis)
1245 1230 1312 1298 alia
1327 1250 1432 1315 quae·

331 1342 410 1408 dam
425 1341 513 1408 linea
527 1339 614 1419 AM,
629 1363 715 1427 quae
730 1339 803 1426 ipsa
817 1341 861 1407 sit
876 1351 975 1408 recta.
994 1340 1092 1408 Haec
1106 1351 1219 1408 autem
1233 1340 1287 1407 vel
1303 1338 1431 1407 secabit

331 1450 365 1517 in
393 1451 508 1536 aliquo
534 1461 660 1536 puncto
689 1451 724 1517 K
751 1450 950 1518 alterutram
979 1450 1129 1535 ipsarum
1157 1450 1232 1527 XB,
1263 1449 1346 1529 XC;
1374 1449 1430 1516 vel

330 1562 515 1628 earundem
533 1561 741 1638 alterutram,
762 1571 799 1628 ut
816 1571 899 1646 puta
915 1581 991 1626 eam
1010 1559 1074 1627 XB
1092 1560 1226 1627 claudet
1244 1559 1335 1627 intra
1353 1581 1431 1644 spa·

330 1670 416 1738 tium
430 1671 711 1756 comprehensum
725 1669 807 1756 ipsis
822 1669 900 1748 AX,
917 1670 1003 1748 XM,
1019 1679 1053 1736 et
1067 1667 1213 1736 APLM.
1242 1667 1290 1736 At
1304 1669 1430 1737 horum

328 1779 424 1866 ‘prius
444 1779 628 1847 manifeste
649 1789 816 1866 repugnat
836 1779 1049 1864 praecedenti
1070 1777 1238 1847 Lemmati
1249 1801 1257 1859 ;
1279 1778 1359 1864 quia
1381 1777 1431 1845 sic

331 1891 418 1957 duae
437 1889 629 1975 suppositae
649 1899 759 1956 rectae
777 1889 895 1966 lineae,
915 1911 983 1956 una
1001 1887 1116 1966 ΑΧΚ,
1137 1898 1170 1955 et
1188 1888 1295 1955 altera
1313 1886 1428 1965 ATK,

331 1997 477 2084 spatium
498 1999 701 2067 clauderent.
750 1998 925 2066 Posterius
947 2008 1060 2066 autem
1082 1997 1268 2066 uniformis
1289 1997 1429 2065 absurdi

331 2107 446 2175 statim
464 2107 685 2176 convincitur.

401 2217 493 2284 Nam
506 2227 638 2285 constat
652 2227 778 2285 rectam
792 2217 867 2295 XB,
884 2216 911 2283 si
925 2240 985 2303 per
1000 2217 1028 2284 B
1042 2217 1184 2285 ulterius
1198 2218 1429 2303 protrahatur,

331 2348 548 2395 occursuram
564 2328 702 2394 tandem
718 2327 758 2393 in
769 2327 883 2412 aliquo
900 2337 1025 2412 puncto
1040 2327 1070 2392 L
1087 2326 1150 2411 ipsi
1167 2326 1322 2406 APLM;
1338 2327 1431 2394 unde

332 2457 467 2504 rursum
480 2437 567 2504 duae
581 2436 774 2522 suppositae
790 2447 909 2513 rectae,
925 2458 994 2504 una
1003 2435 1143 2514 AXBL‚
1159 2447 1192 2504 et
1206 2437 1312 2504 altera
1322 2435 1429 2516 APL,

331 2546 478 2631 spatium
502 2545 668 2613 claudent.
719 2547 829 2612 Porro
855 2546 1030 2613 uniforme
1055 2546 1207 2631 sequitur
1232 2547 1429 2625 absurdum,

332 2655 359 2722 si
387 2655 565 2743 fingamus,
594 2657 685 2742 quod
712 2666 803 2723 recta
830 2655 905 2733 XB,
934 2654 1075 2724 ulterius
1102 2667 1274 2740 protracta
1301 2679 1361 2741 per
1388 2657 1428 2734 B,

331 2775 487 2834 occurrat
501 2766 639 2832 tandem
655 2765 688 2832 in
705 2765 825 2850 quovis
841 2765 909 2832 alio
924 2776 1049 2851 puncto
1065 2776 1124 2833 aut
1140 2777 1250 2833 rectae
1266 2767 1352 2843 XM,
1370 2777 1431 2834 aut

332 2886 442 2942 rectae
461 2874 539 2941 XA.

401 2985 458 3050 Ex
484 2983 557 3051 istis
583 2995 696 3052 autem
722 2983 896 3051 evidenter
922 2985 1140 3070 consequitur
1165 2985 1290 3052 lineam
1318 2985 1430 3052 ΑΧΜ

334 3094 410 3160 fore
430 3093 548 3178 ipsam,
570 3093 604 3160 in
626 3093 718 3161 facta
737 3093 925 3180 hypothesi,
948 3093 1072 3161 lineam
1093 3105 1219 3161 rectam
1240 3118 1284 3162 ex
1303 3106 1431 3180 puncto

333 3203 366 3268 A
383 3204 426 3270 ad
443 3214 604 3288 punctum
621 3205 661 3270 M
678 3203 867 3270 deductam.
910 3202 1013 3287 Quod
1030 3214 1103 3271 erat
1120 3204 1340 3289 propositum.

403 3312 490 3379 Dico
510 3313 668 3390 secund0,
691 3334 767 3382 eam
788 3312 997 3397 suppositam
1019 3324 1145 3380 rectam
1167 3312 1266 3379 AXB
1294 3314 1433 3400 (quate-

332 3444 396 3489 nus
421 3422 557 3507 quidem
582 3421 791 3508 intelligatur
814 3441 1015 3489 conservare
1040 3443 1137 3490 suam
1162 3421 1253 3490 illam
1280 3423 1432 3509 qualem·
