3184 5054
321 433 389 501 dat
430 431 521 511 Non,
536 430 685 517 inquam,
701 429 826 516 opponi
841 429 876 495 id
890 437 1018 514 potest;
1031 426 1193 513 quoniam
1207 447 1251 492 ex
1265 424 1330 491 hoc
1345 421 1418 508 ipso

322 541 572 619 demonstrabo,
600 551 677 626 post
702 539 818 606 XXV.
845 537 960 623 hujus,
987 535 1141 604 omnium
1165 533 1286 602 talium
1313 541 1418 599 recta·

322 671 400 718 rum
422 651 467 718 ad
492 649 624 717 finitam
647 647 844 716 distantiam
869 667 1057 725 occursum,
1083 644 1185 732 juxta
1210 638 1418 710 Pronuncia·

322 769 395 828 tum
413 758 645 828 Euclidaeum.

391 868 471 954 Jam
499 879 637 936 transeo
667 867 711 936 ad
740 867 999 952 praelaudatum
1028 864 1197 951 Joannem
1225 859 1417 938 Vallisium,

323 978 380 1063 qui
402 999 532 1064 nempe,
555 987 593 1046 ut
614 998 746 1044 morem
767 986 899 1063 gereret
921 986 973 1043 tot
995 972 1135 1060 Magnis
1157 971 1263 1050 Viris,
1286 967 1418 1038 Veteri·

324 1087 386 1155 bus
404 1087 541 1173 pariter,
561 1108 600 1154 ac
618 1085 886 1163 RecentioribuS,
906 1095 940 1152 et
959 1105 1095 1152 rursum
1114 1105 1158 1150 ex
1175 1102 1278 1149 onere
1298 1079 1420 1148 Cathe-

327 1191 472 1264 [murae
494 1217 575 1264 suae
596 1195 787 1265 Oxoniensi
809 1194 979 1280 impositu,
1002 1194 1066 1259 hoc
1087 1191 1177 1260 idem
1198 1211 1341 1277 pensum
1362 1208 1417 1275 ag-

325 1304 420 1392 gredi
445 1305 554 1373 voluit
579 1304 835 1373 demonstrandi
862 1325 961 1389 saepe
987 1301 1115 1371 dictum
1142 1299 1418 1368 Pronunciatum

325 1414 435 1482 Unice
451 1425 566 1482 autem
581 1414 723 1482 assumit
739 1425 902 1498 tanquam
918 1423 1058 1490 certum,
1076 1411 1168 1496 quod
1185 1407 1354 1495 sequitur:
1371 1408 1422 1474 ni-

324 1523 450 1592 mirum
469 1523 581 1591 Datne
600 1522 786 1610 cuicunque
804 1523 936 1609 figurae
954 1520 1099 1589 similem
1119 1518 1221 1588 olium
1242 1517 1422 1604 cujuscun-

325 1654 391 1720 que
403 1631 649 1718 magnitudinis
661 1631 856 1719 possibilem
870 1653 952 1699 esse.
992 1631 1038 1698 Et
1052 1630 1087 1698 id
1101 1629 1239 1715 quidem
1252 1625 1422 1714 praesumi

207 1776 209 1780 ·
325 1762 425 1828 posse
451 1743 493 1810 de
519 1742 667 1829 qualibet
694 1741 805 1829 figura
837 1741 959 1828 (etiam
986 1740 1014 1806 si
1042 1740 1077 1806 in
1104 1761 1176 1808 rem
1202 1759 1301 1806 suam
1325 1735 1423 1806 unice

328 1862 479 1920 assumat
510 1851 755 1937 triangularem
786 1849 1013 1936 rectilineum)
1050 1849 1134 1917 bene
1165 1857 1423 1934 argumentatur

327 1983 371 2028 ex
396 1960 531 2040 circulo,
559 1983 660 2046 quem
685 1960 810 2028 scilicet
835 1960 898 2028 sub
923 1958 1132 2046 quantolibet
1157 1957 1254 2025 radio
1280 1955 1423 2024 describi

327 2091 426 2156 posse
450 2091 568 2138 omnes
592 2081 790 2157 agnoscunt.
840 2068 973 2137 Deinde
998 2078 1117 2136 acutus
1141 2067 1208 2135 Vir
1232 2064 1425 2134 cautissime

327 2179 485 2247 observat
501 2179 767 2267 praesumptioni
783 2179 862 2247 huic
878 2201 959 2247 suae
973 2200 1043 2246 non
1058 2178 1203 2256 obstare,
1221 2177 1313 2262 quod
1330 2197 1425 2261 prae-

327 2299 380 2356 ter
397 2288 735 2374 correspondentium
754 2289 958 2375 angulorum
976 2286 1215 2373 aequalitatem
1234 2285 1426 2371 requiratur

328 2398 432 2467 etiam
456 2398 794 2484 correspondentiam
818 2397 972 2466 omnium
996 2397 1141 2464 laterum
1165 2394 1426 2482 proportionali-

327 2518 391 2586 tas,
413 2518 451 2575 ut
472 2507 638 2576 habeatur
657 2530 726 2575 una
747 2507 857 2594 figura
880 2505 1061 2585 rectilinea,
1084 2529 1115 2574 v.
1140 2527 1171 2593 g.
1194 2503 1438 2591 triangularis..

329 2617 426 2684 alteri
448 2616 639 2685 rectilineae
660 2616 862 2703 triangulari
884 2615 1022 2696 similis;
1043 2638 1121 2684 cum
1141 2626 1256 2683 tamen
1278 2616 1426 2700 Propor-

328 2725 518 2805 donarium,
546 2749 585 2794 ac
612 2725 754 2794 subinde
780 2725 943 2794 similium
968 2726 1176 2813 Figurarum
1203 2723 1356 2793 definitio
1383 2746 1426 2791 ex

330 2835 471 2922 Quinto,
486 2858 525 2903 ac
541 2836 648 2905 Sexto
658 2835 810 2904 Euclidis
825 2835 930 2903 Libro
945 2836 1172 2903 desumendae
1187 2833 1271 2902 sint:
1286 2834 1429 2900 Poterat

331 2945 420 3012 enim
436 2943 597 3013 Euclides
619 2945 748 3032 (inquit
765 2943 855 3032 ipse)
878 2955 1058 3031 utramque
1073 2943 1178 3011 libro
1195 2941 1314 3011 Primo
1331 2953 1427 3030 prae·

330 3051 472 3122 misisse.
517 3056 628 3122 Porro
647 3065 770 3133 autem,
790 3055 856 3122 hoc
874 3065 984 3122 stante
1009 3054 1120 3141 (quod
1138 3065 1252 3121 tamen
1271 3052 1389 3142 negari
1408 3075 1428 3120 a

331 3163 492 3251 quopiam
513 3175 637 3250 posset,
659 3163 724 3231 nisi
748 3163 1018 3250 demonstretur)
1046 3163 1214 3231 intentum
1236 3184 1336 3231 suum
1356 3162 1429 3249 pul-

332 3274 414 3341 chro
436 3295 527 3353 sane,
550 3284 651 3359 atque
673 3273 851 3360 ingenioso
873 3272 1047 3342 molimine
1070 3271 1250 3359 exequitur
1272 3273 1429 3342 laudatus

332 3381 407 3451 Vir.

404 3492 472 3561 Sed
499 3492 579 3560 nolo
607 3492 702 3560 oneri
729 3515 750 3561 a
776 3515 831 3560 me
859 3503 1016 3578 suscepto
1041 3492 1077 3559 in
1103 3514 1276 3578 quoquam
1303 3493 1428 3559 deesse.

334 3599 453 3686 Itaque
482 3622 619 3668 assumo
647 3602 716 3670 duo
743 3600 925 3688 triangula,
954 3623 1061 3670 unum
1090 3600 1195 3680 ABC,
1224 3612 1259 3670 et
1286 3602 1430 3670 alterum

335 3709 447 3776 DEFv
464 3709 538 3797 (fig.
567 3709 644 3797 24.)
677 3708 822 3778 invicem
849 3710 1091 3797 aequiangula:
1120 3711 1201 3778 Non
1229 3711 1306 3779 dico
1333 3711 1431 3797 plane
