3184 5054
335 485 464 572 stante)
497 485 628 570 possint
656 484 733 552 illae
761 484 908 569 recipere
936 503 1115 552 commune
1142 481 1429 569 perpendiculum

336 595 434 664 Tunc
454 594 545 662 eninr
566 593 642 662 illae
663 595 750 662 duae
772 593 851 672 AX,
874 593 949 672 ΒΧ,
972 613 1105 679 semper
1124 592 1236 680 magis
1257 592 1301 660 ad
1323 613 1360 660 se
1381 590 1433 658 in·

335 704 443 772 vicem
471 703 647 783 accedent;
687 701 849 771 nimirum
876 703 930 770 vel
958 702 1048 770 intra
1075 703 1246 788 quendam
1274 700 1433 769 determi-

335 824 453 882 natum
471 812 623 891 limitem,
641 823 743 898 prout
760 812 796 880 in
814 811 929 880 XXV.
949 811 1071 899 hujus;
1089 811 1142 878 vel
1161 811 1233 879 sine
1251 810 1321 879 ullo
1338 821 1432 878 certo

335 922 451 1016 limite,
468 945 507 990 ac
522 932 701 1008 propterea
715 942 822 1007 usque
837 923 881 988 ad
898 942 1077 989 occursum
1092 920 1212 988 saltem
1227 931 1304 1006 post
1320 918 1432 987 inlini·

335 1044 405 1099 tam
423 1031 690 1118 productionem,
709 1041 810 1119 prout
826 1030 861 1098 in
879 1032 943 1098 hac
960 1028 1113 1099 XXVII.
1156 1029 1300 1099 Constat
1317 1040 1432 1098 autem

336 1141 371 1208 in
392 1151 537 1226 utroque
556 1140 809 1226 praedictorum
829 1161 970 1208 casuum
991 1149 1163 1207 ostensam
1185 1139 1258 1225 jam
1279 1160 1353 1207 esse
1375 1139 1432 1207 de-

336 1249 556 1320 structionem
572 1245 768 1337 hypothesis
786 1248 902 1335 anguli
920 1247 1019 1317 acuti.
1062 1248 1166 1336 Quod
1184 1247 1430 1317 intendebatur.

753 1463 956 1522 SCHOLION
974 1464 1012 1520 11.

405 1593 520 1680 Atque
543 1594 578 1662 id
602 1615 738 1662 rursum
762 1604 822 1676 est,
847 1595 938 1680 quod
962 1593 1129 1680 spopondi
1153 1593 1188 1662 in
1212 1593 1278 1660 fine
1305 1591 1432 1662 Scholii

337 1703 398 1772 IV.
423 1714 500 1790 post
521 1702 620 1770 XXI.
644 1703 759 1790 hujus,
782 1713 884 1788 prout
906 1725 950 1770 ex
971 1701 1053 1787 ipsis
1075 1700 1229 1770 terminis
1251 1701 1341 1770 clare
1363 1700 1434 1769 elu-

336 1814 445 1882 cescit.

746 2027 950 2084 SCHOLION
967 2027 1021 2082 III.

406 2175 588 2242 Praeterea
614 2174 787 2242 observari
814 2175 868 2242 hic
894 2174 997 2243 velim
1023 2174 1205 2242 discrimen
1232 2174 1320 2242 inter
1346 2174 1434 2241 hanc

215 2325 217 2330 .
338 2284 479 2368 Propos.
494 2294 527 2351 et
540 2285 795 2369 praecedentem
808 2282 926 2352 XVII.
966 2283 1058 2352 Nam
1072 2283 1118 2351 ibi
1137 2283 1266 2371 (recole
1280 2282 1335 2370 fig.
1352 2279 1429 2369 15.)

336 2402 473 2460 ostensa
481 2403 532 2460 est
542 2393 726 2462 destructio
740 2393 936 2480 hypothesis
950 2393 1066 2480 anguli
1081 2391 1181 2472 acuti,
1192 2392 1221 2459 si
1237 2392 1434 2477 (existente,

337 2513 375 2570 ut
398 2501 478 2570 libet
502 2525 618 2588 parva,
645 2512 735 2570 recta
760 2502 844 2588 AB)
873 2503 985 2570 omnis
1010 2503 1075 2569 BD
1100 2502 1162 2571 sub
1187 2501 1308 2588 quovis
1333 2512 1435 2570 acuto

336 2612 463 2699 angulo
476 2613 606 2690 educta,
622 2634 798 2681 occurrere
811 2612 950 2680 tandem
964 2612 1083 2680 debeat
1096 2611 1132 2678 in
1145 2612 1294 2697 quodam
1308 2621 1436 2696 puncto

338 2722 373 2788 K
392 2721 456 2807 ipsi
476 2721 744 2808 perpendiculari
765 2719 838 2790 ΑΗ
859 2710 1052 2806 productae.
1098 2721 1167 2788 Hic
1187 2732 1300 2789 autem
1326 2720 1435 2807 (vice-

337 2831 455 2916 versa)
479 2829 686 2917 permittitur
704 2830 841 2916 quidem
859 2829 1051 2918 designatio
1069 2830 1222 2916 cujusvis
1241 2829 1434 2917 parvissimi

337 2940 426 3009 acuti
450 2940 566 3028 anguli
589 2940 634 3008 ad
657 2950 819 3025 punctum
843 2939 885 3018 A,
911 2940 994 3008 dum
1016 2929 1130 3008 tamen
1154 2939 1333 3027 interjecta
1357 2939 1434 3017 AB,

337 3050 381 3117 ad
400 3071 502 3136 quam
520 3049 682 3136 erigenda
694 3053 751 3118 'est
769 3049 1057 3135 perpendicularis
1076 3048 1252 3117 indefinita
1274 3045 1332 3112 [60]
1356 3048 1433 3127 ΒΧ,

219 3203 221 3208 -
338 3155 440 3228 statui
459 3158 566 3245 possit
584 3158 811 3245 quantaelibet
828 3158 1060 3245 longitudinis.

685 3371 927 3430 PROPOSITIO
944 3372 1084 3430 XXVIII.

338 3519 379 3587 Si
394 3521 481 3587 duae
497 3530 608 3588 rectae
623 3520 704 3600 AX,
721 3520 788 3586 ΒΧ
810 3520 973 3606 (quarum
989 3519 1085 3606 prior
1100 3521 1162 3588 sub
1179 3522 1305 3606 aupulo
1322 3531 1434 3601 acuto,

430 3631 591 3698 etaltera
611 3631 656 3698 ad
674 3628 951 3716 perpendiculum
973 3630 1113 3697 eductae
1132 3628 1202 3696 siut
1221 3651 1341 3698 versus
1361 3651 1434 3698 eas·

431 3739 508 3807 dem
527 3747 642 3824 partes
661 3761 705 3806 ex
723 3737 931 3825 quantolibet
950 3749 1043 3806 recta
1061 3738 1146 3824 ΑΒ)
1171 3749 1305 3825 semper
1323 3736 1434 3825 mapis
