3184 5054
330 473 556 560 pendiculum,
578 495 617 541 ac
638 483 817 560 propterea
836 495 923 561 quae
944 473 1046 560 iuxta
1067 484 1277 560 assumptam
1298 471 1431 541 Defini-

330 582 459 651 tionem
482 582 662 670 parallelae
685 604 755 650 non
779 582 857 662 sint,
883 583 1027 651 debeant
1051 583 1145 670 ipsae
1168 583 1204 651 in
1228 583 1429 652 alterutram

330 702 462 777 partem
482 713 615 779 semper
633 692 744 779 magis
764 703 956 778 protractae
976 691 1066 760 inter
1085 715 1121 761 se
1141 692 1326 779 aliquando
1345 691 1431 759 inci·

330 802 420 880 dere,
443 800 471 868 si
493 823 563 868 non
583 802 628 869 ad
652 795 711 865 [55]
737 801 878 880 finitam,
902 802 1022 871 saltem
1042 802 1087 870 ad
1108 801 1277 870 infinitam
1299 801 1429 870 distan-

329 910 422 979 tiam.
474 910 566 977 Nam
591 932 727 979 rursum
753 912 988 980 demonstrare
1012 921 1195 998 oporteret,
1221 912 1314 998 quod
1340 912 1429 980 duae

330 1018 497 1106 quaelibet
517 1020 552 1087 in
572 1022 693 1088 eodem
713 1020 815 1107 plano
835 1021 1029 1100 existentes,
1052 1020 1087 1089 in
1107 1042 1192 1107 quas
1214 1030 1306 1088 recta
1326 1042 1430 1107 quae-

329 1127 421 1215 piam
446 1128 597 1197 incidens
622 1131 709 1198 duos
734 1131 779 1197 ad
803 1131 941 1198 easdem
965 1140 1078 1217 partes
1105 1128 1257 1198 internos
1283 1129 1428 1217 angulos

329 1236 451 1306 efficiat
466 1238 615 1306 minores
632 1239 764 1307 duobus
780 1238 889 1318 rectis,
907 1260 1075 1326 nusquam
1091 1238 1170 1307 alibi
1187 1238 1319 1326 possint
1334 1239 1428 1325 ipsae

330 1347 477 1433 recipere
517 1369 695 1416 commune
735 1349 1021 1434 perpendiculum.
1076 1349 1179 1435 Quod
1208 1357 1332 1427 autem,
1362 1350 1428 1416 hoc

329 1456 572 1537 demonstrato
588 1457 802 1526 exactissime
815 1457 1007 1527 stabiliatur
1020 1457 1216 1528 Geometria
1230 1457 1427 1530 Euclidaea.

329 1565 424 1634 infra
439 1565 614 1635 constabit.

690 1788 932 1847 PROPOSITIO
954 1788 1062 1847 XXVI.

328 1933 369 2004 Si
389 1933 582 2020 praedictae
602 1934 683 2016 AX,
706 1935 774 2002 ΒΧ
801 1935 876 2022 (fip.
902 1935 977 2023 31.)
1005 1935 1097 2004 coire
1118 1934 1256 2024 quidem
1278 1933 1368 2005 inter
1388 1958 1427 2004 se

420 2045 574 2125 debeant,
590 2046 652 2112 sed
667 2066 737 2112 non
753 2043 820 2112 nisi
835 2045 879 2113 od
894 2043 1063 2132 infinitum
1079 2047 1264 2114 earundem
1280 2046 1427 2132 produc-

421 2153 547 2222 tionem
575 2175 695 2222 versus
721 2163 837 2240 portes
861 2164 1066 2240 punctorum
1095 2154 1147 2222 X:
1176 2154 1264 2223 Dico
1294 2156 1425 2224 nullum

419 2263 500 2350 fore
517 2260 722 2349 ossipnobile
738 2273 902 2349 punctum
920 2264 940 2330 I
958 2262 995 2331 in
1013 2261 1087 2350 ipso
1105 2262 1181 2345 AB,
1202 2286 1246 2332 ex
1264 2286 1331 2350 quo
1349 2275 1426 2351 per-

419 2369 647 2458 pendicularis
677 2373 799 2440 educta
827 2394 947 2440 versus
975 2383 1090 2458 portes
1118 2371 1226 2459 ipsius
1254 2373 1325 2440 AX
1355 2395 1425 2442 non

421 2492 576 2549 occurrat
588 2482 632 2550 od
643 2479 787 2568 finitum,
800 2503 861 2549 seu
875 2481 1090 2549 terminatam
1104 2481 1301 2550 distantium
1315 2481 1424 2552 eidem

418 2589 489 2657 AX
504 2589 542 2658 in
556 2589 670 2677 aliquo
686 2599 811 2678 puncto
828 2591 868 2658 F.

396 2767 669 2834 Demonstratur.
731 2765 823 2834 Nam
865 2765 928 2851 (ex
963 2767 1184 2852 praecedente
1220 2767 1419 2857 hypothesi)

327 2898 433 2945 unum
454 2875 591 2962 aliquod
613 2873 677 2943 erit
698 2875 733 2943 in
755 2875 829 2961 ipso
851 2874 919 2942 AX
941 2886 1103 2962 punctum
1126 2875 1170 2956 N,
1193 2899 1239 2945 ex
1259 2899 1328 2965 quo
1349 2899 1422 2965 per·
