3174 5050
293 450 357 536 (ex
378 449 496 537 quinta
517 449 637 536 primi)
665 449 792 536 angulo
815 448 931 528 DFM‚
955 459 1056 535 atque
1078 449 1155 516 ideo
1177 447 1292 534 major
1320 446 1383 532 (ex

286 570 408 627 octava
426 558 531 646 hujus
550 558 586 625 in
605 557 784 645 hypothesi
803 557 919 645 anguli
938 558 1070 644 obtusi)
1094 557 1220 645 angulo
1240 567 1383 625 externo

287 668 407 748 XAH,
428 668 499 736 sive
518 666 595 754 ejus
615 670 658 735 ad
678 667 840 736 verticem
856 666 963 736 'CAF.
1008 667 1124 754 Quare
1150 667 1247 753 (cum
1266 665 1383 754 anguli

287 778 404 856 CAM,
421 778 451 844 F
453 777 529 845 MA
543 787 715 864 ponantur
729 777 886 863 aequales
902 787 1018 862 utpote
1035 775 1136 862 recti)
1157 775 1307 862 reliquus
1324 797 1383 843 an-

287 888 388 975 gulus
404 886 514 955 DMA
529 885 643 954 minor
659 886 749 954 foret
765 886 895 973 reliquo
910 886 1036 973 angulo
1053 885 1172 952 DAM.
1213 885 1317 972 Quod
1332 895 1384 954 est

287 997 474 1066 absurdum
494 1007 613 1065 contra
633 995 787 1083 quintam
807 995 919 1082 primi,
942 995 970 1062 si
993 1017 1113 1083 nempe
1135 996 1210 1064 DM
1233 993 1383 1081 aequalis

288 1105 698 1192 fflfflffimffi

359 1215 428 1284 Sed
450 1237 558 1301 neque
580 1215 653 1301 ipsa
675 1215 751 1282 DM
773 1215 887 1283 minor
909 1226 960 1282 est
981 1215 1088 1282 altera
1111 1214 1184 1293 DF,
1209 1213 1280 1282 sive
1304 1213 1380 1281 DA.

288 1325 470 1394 Caeterum
492 1325 555 1411 (ex
572 1323 823 1393 decimaoctava
839 1323 960 1411 primi)
983 1323 1127 1411 angulus
1146 1324 1252 1390 DMF
1269 1322 1384 1410 major

291 1434 382 1502 foret
402 1433 529 1522 angulo
549 1434 665 1512 DFM‚
686 1443 788 1520 atque
807 1433 884 1502 ideo
910 1433 964 1520 (in
985 1435 1048 1500 hac
1067 1433 1246 1519 hypothesi
1267 1433 1382 1521 anguli

288 1542 420 1630 obtusi)
444 1543 553 1612 multo
571 1542 687 1630 major
705 1543 832 1630 angulo
850 1553 995 1612 externo
1012 1542 1131 1621 XAH,
1152 1542 1225 1611 sive
1242 1542 1320 1630 ejus
1340 1544 1384 1611 ad

288 1651 450 1721 verticem
468 1652 576 1722 CAD.
620 1653 736 1740 Quare
755 1674 902 1731 rursum,
920 1663 959 1720 ut
977 1673 1089 1738 supra,
1111 1652 1259 1738 reliquus
1277 1675 1383 1740 angu-
1506 1723 1511 1734 ,

289 1762 341 1830 lus
359 1761 471 1829 DMA
485 1762 594 1831 multo
610 1761 723 1829 minor
742 1762 833 1830 foret
852 1762 982 1848 reliquo
998 1762 1124 1848 angulo
1142 1761 1261 1828 DAM.
1304 1763 1384 1830 Hoc

289 1880 403 1940 autem
433 1871 618 1962 absurdum
648 1882 709 1950 est,
740 1882 859 1939 contra
888 1872 1031 1939 eandem
1061 1870 1382 1939 decimumoctavam

264 2049 267 2056 ,
288 1980 399 2066 primi,
420 1980 448 2048 si
467 2003 587 2067 nempe
606 1982 681 2049 DM
699 1979 814 2048 minor
832 1980 876 2048 sit
894 1980 968 2066 ipsa
986 1981 1059 2060 DF,
1080 1980 1151 2049 sive
1172 1980 1248 2048 DA

359 2089 479 2158 Restat
498 2089 612 2177 igitur,
633 2101 671 2159 ut
691 2089 809 2176 juncta
831 2091 905 2157 DM
925 2088 1040 2175 major
1059 2090 1103 2159 sit
1123 2090 1196 2176 ipsa
1217 2091 1291 2169 DF,
1313 2091 1383 2158 sive

290 2199 368 2278 DA,
392 2210 493 2285 atque
516 2199 593 2268 ideo
622 2199 685 2285 (ex
707 2199 838 2267 decima
862 2199 985 2286 hujus)
1013 2200 1087 2285 ipsa
1109 2200 1180 2267 ΒΜ
1202 2200 1317 2286 major
1340 2201 1384 2269 sit

289 2309 396 2377 altera
414 2308 487 2376 AB.
531 2308 635 2396 Quod
653 2320 726 2377 erat
745 2309 902 2377 hocloco
921 2308 1098 2377 intentum.

359 2416 532 2504 Quoniam
559 2416 672 2505 igitur,
701 2429 875 2504 assumpto
902 2418 937 2485 in
964 2417 1032 2485 AD
1058 2419 1255 2488 continuata
1282 2420 1385 2488 inter·
1498 2469 1501 2475 -

289 2527 380 2597 vallo
406 2527 469 2594 AF
496 2527 600 2614 duplo
626 2526 794 2596 intervalli
822 2527 900 2606 AD,
928 2528 1214 2614 perpendicularis
1241 2530 1271 2596 F
1273 2531 1312 2597 M
1340 2531 1384 2598 ad

289 2636 479 2722 subjectam
502 2636 567 2706 ΑΡ
592 2636 741 2704 demissa
763 2636 838 2722 plus
865 2637 968 2723 duplo
993 2660 1038 2705 ex
1062 2640 1181 2707 eadem
1207 2639 1382 2718 abscindit,

289 2768 392 2832 quam
409 2744 626 2814 abscindatur
642 2769 663 2814 a
679 2746 947 2832 perpendiculari
965 2746 1112 2815 demissa
1129 2769 1173 2815 ex
1190 2759 1316 2834 puncto
1334 2749 1367 2816 D
1376 2772 1384 2829 ;

285 2851 352 2918 11⁶]
373 2855 482 2924 multo
499 2855 599 2924 citius
618 2855 652 2922 in
671 2857 734 2925 hac
752 2855 930 2941 hypothesi
950 2856 1065 2944 anguli
1085 2857 1206 2936 obtusi,
1227 2880 1330 2944 quam
1349 2859 1384 2925 in

290 2964 463 3050 superiore
489 2965 668 3052 hypothesi
695 2965 810 3052 anguli
838 2965 929 3044 recti,
958 2966 1156 3034 devenietur
1181 2967 1225 3035 ad
1250 2977 1383 3037 tantum

290 3073 516 3154 intervallum,
547 3098 592 3142 ex
620 3097 688 3161 quo
717 3075 1003 3161 perpendicularis
1033 3076 1180 3145 demissa
1210 3077 1384 3146 abscindat

290 3183 399 3252 basim
428 3183 598 3270 majorem
629 3184 701 3270 ipsa
730 3184 938 3270 quantalibet
968 3185 1145 3272 designata
1176 3186 1249 3254 ΑΡ.
1305 3188 1384 3254 Hoc

162 3347 163 3350 ,
290 3304 413 3373 autem,
439 3304 478 3361 ut
503 3293 537 3360 in
562 3293 736 3379 superiore
761 3293 1009 3382 Propositione‚
1036 3295 1232 3382 contingere
1257 3297 1382 3383 nequit,

291 3402 356 3470 nisi
378 3414 455 3489 post
477 3425 655 3472 occursum
677 3402 892 3473 continuatae
915 3404 983 3470 AD
1006 3404 1041 3471 in
1063 3403 1201 3491 aliquod
1223 3417 1383 3494 punctum

291 3512 397 3598 ipsius
416 3513 494 3594 PL;
512 3522 545 3582 et
563 3513 701 3599 quidem
719 3514 763 3581 ad
783 3513 923 3592 finitam,
944 3534 1003 3583 seu
1022 3512 1238 3583 terminatam
1258 3515 1384 3584 distan-

291 3621 383 3691 tiam.
427 3621 530 3710 Quod
548 3633 620 3690 erat
638 3632 698 3691 etc.
