3148 5054
702 530 992 588 COROLLARIUM
1010 531 1048 586 11.

399 663 581 729 Praeterea
600 660 752 747 sequitur
772 659 983 728 uniformem
1002 681 1075 726 esse
1095 658 1217 727 debere
1238 656 1429 744 intelligen-

329 771 412 838 tiam
434 769 572 838 alterius
595 769 777 838 Euclideae
798 769 1016 846 definitionis,
1041 768 1075 835 in
1097 790 1163 854 qua
1185 766 1268 835 dicit
1289 765 1429 852 planam

329 879 541 965 superficiem
558 900 640 957 esse,
659 902 745 965 quae
763 902 807 946 ex
823 901 930 964 aequo
947 899 1028 946 suos
1044 876 1224 963 interjacet
1240 875 1356 943 lineus.
1391 875 1428 944 Si

328 989 419 1056 enim
440 988 633 1074 superficies
653 989 768 1057 clausa
788 987 969 1075 praedictis
990 987 1087 1054 lineis
1109 1009 1177 1055 una
1198 985 1301 1052 ADX
1324 996 1428 1062 recta,

329 1109 362 1165 et
379 1098 487 1166 altera
505 1097 635 1165 ABBX
661 1097 751 1183 (sive
770 1099 853 1164 haec
872 1097 916 1164 sit
934 1097 1043 1175 unica,
1064 1107 1123 1164 aut
1140 1094 1319 1181 multiplex
1338 1094 1429 1162 linea

329 1229 442 1286 curva,
467 1206 538 1274 sive
562 1207 605 1274 sit
628 1207 816 1292 composita
839 1230 883 1274 ex
906 1206 1047 1284 duabus,
1072 1217 1131 1274 aut
1154 1205 1306 1290 pluribus
1329 1204 1429 1272 lineis

331 1315 440 1395 rectis,
461 1327 599 1402 utputa
618 1316 692 1395 AB,
715 1317 784 1395 BB,
807 1315 891 1402 ΒΧ)
916 1314 955 1395 si,
977 1316 1125 1402 inquam,
1148 1314 1341 1400 superficies
1365 1311 1426 1378 [73]

330 1425 500 1511 ejusmodi
516 1426 644 1493 revolvi
661 1425 869 1512 intelligatur
877 1425 972 1493 circa»
981 1426 1159 1493 immotam
1175 1435 1302 1492 rectam
1311 1423 1428 1503 ADX,

329 1557 436 1622 usque
460 1537 542 1604 dum
567 1535 641 1621 ipsa
665 1535 753 1603 linea
777 1535 877 1602 ABX
902 1534 1078 1621 perveniat
1102 1535 1145 1602 ad
1170 1536 1430 1620 congruendum

331 1644 438 1713 lineae
454 1645 564 1724 Acx,
582 1644 616 1712 in
632 1656 728 1730 parte
744 1646 888 1712 adversa
903 1645 1043 1722 locatae,
1061 1666 1146 1730 quae
1162 1644 1278 1729 utique
1295 1644 1339 1711 ad
1356 1665 1431 1711 om·

330 1753 504 1822 nimodam
527 1754 774 1841 aequalitatem,
799 1764 832 1822 et
855 1753 975 1821 similis
998 1753 1138 1821 omnino
1161 1753 1205 1820 sit
1228 1753 1291 1838 ipsi
1316 1752 1428 1828 ABX‚

330 1874 363 1932 et
378 1885 514 1932 rursum
528 1887 605 1932 cum
619 1865 738 1932 eadem
753 1874 844 1931 recta
859 1863 961 1930 ADX
977 1864 1112 1931 claudat
1133 1863 1270 1949 (versus
1285 1864 1430 1930 eandem

330 1973 402 2042 sive
426 1995 617 2059 supernam,
644 1973 715 2041 sive
740 1973 913 2040 infernam
938 1973 1087 2059 partem)
1119 1972 1331 2058 superficiem
1356 1994 1431 2040 om·

331 2082 412 2151 nino
439 2083 623 2169 aequalem,
653 2093 686 2150 et
712 2083 857 2150 similem
884 2082 1090 2162 antedictae;
1118 2083 1319 2151 alterutrum
1348 2104 1430 2149 sane

289 2257 291 2265 .
331 2192 521 2279 continget;
550 2193 602 2259 vel
633 2193 680 2260 ita
708 2203 746 2260 ut
774 2214 842 2260 una
871 2191 1064 2277 superficies
1093 2191 1190 2259 alteri
1220 2191 1431 2260 adamussim

331 2312 514 2388 congruat;
533 2302 587 2369 vel
607 2300 654 2369 ita
673 2313 710 2370 ut
730 2302 819 2369 intra
839 2303 923 2370 duas
944 2300 1017 2368 illas
1038 2301 1231 2387 superficies
1251 2301 1432 2370 claudatur

332 2410 479 2496 spatium
500 2410 609 2478 trinae
629 2410 859 2479 dimensionis.
906 2411 952 2478 Et
973 2411 1120 2496 primum
1142 2410 1279 2497 quidem
1300 2411 1328 2478 si
1349 2433 1431 2479 con-

331 2520 451 2607 tingat,
468 2519 600 2588 dicetur
613 2519 806 2606 superficies
822 2520 940 2606 plana;
956 2520 1008 2588 sin
1023 2543 1106 2588 vero
1121 2520 1296 2608 contingat
1311 2543 1432 2589 secun-

332 2631 423 2709 dum,
443 2651 512 2696 non
530 2629 661 2698 dicetur
679 2629 872 2716 superficies
891 2629 1008 2715 plana;
1026 2629 1106 2715 quia
1123 2641 1204 2698 tunc
1222 2631 1307 2698 aliae
1326 2631 1432 2699 inter-

332 2739 463 2807 mediae
491 2738 632 2825 intelligi
660 2750 819 2825 poterunt
847 2739 935 2807 inter
961 2741 1098 2807 easdem
1125 2750 1295 2808 extremas
1323 2739 1431 2808 lineas

332 2847 550 2934 interpositae
569 2848 761 2934 superficies
781 2848 924 2916 invicem
943 2849 1109 2934 aequales,
1129 2871 1168 2916 ac
1187 2849 1323 2928 similes,
1343 2872 1432 2936 quae

333 2980 466 3044 semper
486 2957 596 3044 magis
617 2959 661 3025 ad
684 2980 719 3026 se
741 2958 886 3026 invicem
908 2958 980 3026 sine
1002 2959 1072 3026 ullo
1094 2970 1186 3028 certo
1208 2959 1315 3027 limite
1337 2982 1432 3052 acce-

333 3069 425 3145 dant,
446 3090 485 3134 ac
505 3078 683 3152 propterea
703 3090 809 3153 usque
829 3069 873 3135 ad
892 3068 1262 3137 excludendumomne
1283 3069 1432 3154 spatium

333 3176 580 3245 intermedium.
620 3179 718 3245 Tunc
733 3188 847 3245 autem
861 3188 1004 3263 utraque
1020 3177 1076 3244 illa
1091 3177 1284 3262 superficies
1299 3178 1433 3247 dicetur

334 3285 443 3371 plana,
471 3286 551 3371 quia
576 3307 656 3353 vere
682 3285 807 3371 jacebit
833 3310 877 3353 ex
904 3309 1013 3372 aequo
1039 3287 1127 3354 inter
1153 3308 1232 3354 suas
1259 3299 1431 3356 extremas

333 3395 448 3474 lineae,
468 3394 540 3463 sine
558 3396 628 3464 ullo
645 3417 796 3474 ascensu,
816 3407 874 3463 aut
893 3397 1056 3464 descensu
1074 3395 1109 3463 in
1127 3406 1240 3481 partes
1258 3398 1429 3467 adversas.

780 3615 927 3671 LEMMA
942 3617 980 3672 II.

380 3754 479 3828 Duae
493 3761 601 3829 lineae
616 3771 728 3830 rectae
743 3785 813 3830 non
826 3773 970 3848 possunt
985 3764 1107 3831 habere
1123 3786 1229 3832 unum
1246 3764 1384 3833 elidem

672 3881 885 3956 sepmentum
900 3894 1088 3940 commune.

405 4029 677 4099 Demonstratur.
729 4029 766 4099 Si
790 4029 881 4098 enim
906 4029 978 4098 fieri
1001 4042 1129 4118 potest;
1154 4055 1260 4101 unum
1283 4045 1318 4102 et
1341 4033 1432 4102 idem

336 4149 548 4226 segmentum
575 4137 643 4206 AX
669 4161 848 4207 commune
875 4140 918 4207 sit
951 4140 1025 4228 (fig.
1055 4141 1129 4226 38.)
1161 4143 1293 4211 duabus
1320 4143 1431 4224 rectis,
