<?xml version="1.0" encoding="UTF-8"?>
<!DOCTYPE html PUBLIC "-//W3C//DTD XHTML 1.0 Transitional//EN"
    "http://www.w3.org/TR/xhtml1/DTD/xhtml1-transitional.dtd">
<html xmlns="http://www.w3.org/1999/xhtml" xml:lang="en" lang="en">
 <head>
  <title>
</title>
<meta http-equiv="Content-Type" content="text/html;charset=utf-8" />
  <meta name='ocr-system' content='tesseract 3.04.00' />
  <meta name='ocr-capabilities' content='ocr_page ocr_carea ocr_par ocr_line ocrx_word'/>
</head>
<body>
  <div class='ocr_page' id='page_1' title='image "./girolamosaccher00saccgoog_0268.png"; bbox 0 0 3148 5054; ppageno 0'>
   <div class='ocr_carea' id='block_1_1' title="bbox 330 443 1554 570">
    <p class='ocr_par' dir='ltr' id='par_1_1' title="bbox 330 443 1554 570">
     <span class='ocr_line' id='line_1_1' title="bbox 330 443 1554 570; baseline -0.004 -16"><span class='ocrx_word' id='word_1_1' title='bbox 330 486 406 554; x_wconf 89' lang='lat' dir='ltr'>tusi.</span> <span class='ocrx_word' id='word_1_2' title='bbox 453 486 546 553; x_wconf 90' lang='lat' dir='ltr'>Hinc</span> <span class='ocrx_word' id='word_1_3' title='bbox 567 486 602 553; x_wconf 93' lang='lat' dir='ltr'>in</span> <span class='ocrx_word' id='word_1_4' title='bbox 623 485 722 556; x_wconf 90' lang='lat' dir='ltr'><strong>XIV.</strong></span> <span class='ocrx_word' id='word_1_5' title='bbox 744 485 1092 553; x_wconf 86' lang='lat' dir='ltr'>declaroabsolutam</span> <span class='ocrx_word' id='word_1_6' title='bbox 1114 484 1300 553; x_wconf 83' lang='lat' dir='ltr'>falsitatem</span> <span class='ocrx_word' id='word_1_7' title='bbox 1321 484 1432 570; x_wconf 89' lang='lat' dir='ltr'>hypo-</span> <span class='ocrx_word' id='word_1_8' title='bbox 1552 443 1554 570; x_wconf 45' lang='grc' dir='ltr'>ἶ</span> 
     </span>
    </p>
   </div>
   <div class='ocr_carea' id='block_1_2' title="bbox 328 575 1555 792">
    <p class='ocr_par' dir='ltr' id='par_1_2' title="bbox 328 575 1555 792">
     <span class='ocr_line' id='line_1_2' title="bbox 328 575 1554 682; baseline -0.006 -19"><span class='ocrx_word' id='word_1_9' title='bbox 328 595 434 663; x_wconf 88' lang='lat' dir='ltr'>thesis</span> <span class='ocrx_word' id='word_1_10' title='bbox 447 595 563 682; x_wconf 90' lang='lat' dir='ltr'>anguli</span> <span class='ocrx_word' id='word_1_11' title='bbox 577 594 700 674; x_wconf 88' lang='lat' dir='ltr'>obtusi,</span> <span class='ocrx_word' id='word_1_12' title='bbox 714 594 795 680; x_wconf 89' lang='lat' dir='ltr'>quia</span> <span class='ocrx_word' id='word_1_13' title='bbox 808 615 844 662; x_wconf 92' lang='lat' dir='ltr'>se</span> <span class='ocrx_word' id='word_1_14' title='bbox 858 593 967 680; x_wconf 86' lang='lat' dir='ltr'>ipsam</span> <span class='ocrx_word' id='word_1_15' title='bbox 979 592 1194 674; x_wconf 88' lang='lat' dir='ltr'>destmentis,</span> <span class='ocrx_word' id='word_1_16' title='bbox 1209 603 1327 680; x_wconf 87' lang='lat' dir='ltr'><strong>utpote</strong></span> <span class='ocrx_word' id='word_1_17' title='bbox 1340 613 1431 678; x_wconf 88' lang='lat' dir='ltr'>quae</span> <span class='ocrx_word' id='word_1_18' title='bbox 1552 575 1554 602; x_wconf 78' lang='lat'><strong>¹</strong></span> 
     </span>
     <span class='ocr_line' id='line_1_3' title="bbox 329 699 1555 792; baseline -0.008 -19"><span class='ocrx_word' id='word_1_19' title='bbox 329 704 493 792; x_wconf 88' lang='lat' dir='ltr'>praedicti</span> <span class='ocrx_word' id='word_1_20' title='bbox 511 704 707 772; x_wconf 88' lang='lat' dir='ltr'>Axiomatis</span> <span class='ocrx_word' id='word_1_21' title='bbox 725 704 905 772; x_wconf 86' lang='lat' dir='ltr'>veritatem</span> <span class='ocrx_word' id='word_1_22' title='bbox 923 703 1041 781; x_wconf 82' lang='lat' dir='ltr'>infert,</span> <span class='ocrx_word' id='word_1_23' title='bbox 1061 725 1106 770; x_wconf 86' lang='lat' dir='ltr'>ex</span> <span class='ocrx_word' id='word_1_24' title='bbox 1124 724 1194 789; x_wconf 90' lang='lat' dir='ltr'>quo</span> <span class='ocrx_word' id='word_1_25' title='bbox 1211 712 1332 772; x_wconf 90' lang='lat' dir='ltr'>contra</span> <span class='ocrx_word' id='word_1_26' title='bbox 1350 699 1431 769; x_wconf 90' lang='lat' dir='ltr'>reli·</span> <span class='ocrx_word' id='word_1_27' title='bbox 1553 699 1555 742; x_wconf 53' lang='grc' dir='ltr'>ἕ</span> 
     </span>
    </p>
   </div>
   <div class='ocr_carea' id='block_1_3' title="bbox 329 811 1432 1664">
    <p class='ocr_par' dir='ltr' id='par_1_3' title="bbox 329 811 1430 1119">
     <span class='ocr_line' id='line_1_4' title="bbox 329 811 1430 901; baseline -0.002 -19"><span class='ocrx_word' id='word_1_28' title='bbox 329 835 415 901; x_wconf 89' lang='lat' dir='ltr'>quas</span> <span class='ocrx_word' id='word_1_29' title='bbox 441 814 526 882; x_wconf 84' lang='lat' dir='ltr'>duas</span> <span class='ocrx_word' id='word_1_30' title='bbox 553 814 756 900; x_wconf 80' lang='lat' dir='ltr'>hypotheses</span> <span class='ocrx_word' id='word_1_31' title='bbox 782 813 846 880; x_wconf 92' lang='lat' dir='ltr'>soli</span> <span class='ocrx_word' id='word_1_32' title='bbox 873 813 1052 900; x_wconf 86' lang='lat' dir='ltr'>hypothesi</span> <span class='ocrx_word' id='word_1_33' title='bbox 1079 812 1195 899; x_wconf 86' lang='lat' dir='ltr'>anguli</span> <span class='ocrx_word' id='word_1_34' title='bbox 1224 811 1306 880; x_wconf 88' lang='lat' dir='ltr'>recti</span> <span class='ocrx_word' id='word_1_35' title='bbox 1332 811 1430 880; x_wconf 90' lang='lat' dir='ltr'>locus</span> 
     </span>
     <span class='ocr_line' id='line_1_5' title="bbox 330 919 1429 1010; baseline -0.001 -20"><span class='ocrx_word' id='word_1_36' title='bbox 330 923 540 1010; x_wconf 84' lang='lat' dir='ltr'>relinquitur.</span> <span class='ocrx_word' id='word_1_37' title='bbox 592 922 704 1010; x_wconf 87' lang='lat' dir='ltr'>Igitur</span> <span class='ocrx_word' id='word_1_38' title='bbox 729 922 802 990; x_wconf 90' lang='lat' dir='ltr'>sola</span> <span class='ocrx_word' id='word_1_39' title='bbox 828 933 934 990; x_wconf 89' lang='lat' dir='ltr'>restat</span> <span class='ocrx_word' id='word_1_40' title='bbox 958 922 1155 1009; x_wconf 83' lang='lat' dir='ltr'>hypothesis</span> <span class='ocrx_word' id='word_1_41' title='bbox 1182 920 1298 1008; x_wconf 87' lang='lat' dir='ltr'>anguli</span> <span class='ocrx_word' id='word_1_42' title='bbox 1325 919 1429 998; x_wconf 85' lang='lat' dir='ltr'>acuti,</span> 
     </span>
     <span class='ocr_line' id='line_1_6' title="bbox 329 1031 1035 1119; baseline -0.003 -20"><span class='ocrx_word' id='word_1_43' title='bbox 329 1043 565 1119; x_wconf 87' lang='lat' dir='ltr'>contraquam</span> <span class='ocrx_word' id='word_1_44' title='bbox 579 1031 706 1100; x_wconf 89' lang='lat' dir='ltr'>diutius</span> <span class='ocrx_word' id='word_1_45' title='bbox 720 1031 942 1119; x_wconf 90' lang='lat' dir='ltr'>pugnandum</span> <span class='ocrx_word' id='word_1_46' title='bbox 958 1031 1035 1100; x_wconf 87' lang='lat' dir='ltr'>fuit.</span> 
     </span>
    </p>

    <p class='ocr_par' dir='ltr' id='par_1_4' title="bbox 329 1139 1432 1664">
     <span class='ocr_line' id='line_1_7' title="bbox 400 1139 1432 1228; baseline -0.002 -20"><span class='ocrx_word' id='word_1_47' title='bbox 400 1141 445 1208; x_wconf 92' lang='lat' dir='ltr'>Et</span> <span class='ocrx_word' id='word_1_48' title='bbox 465 1141 570 1227; x_wconf 89' lang='lat' dir='ltr'>hujus</span> <span class='ocrx_word' id='word_1_49' title='bbox 589 1141 727 1228; x_wconf 88' lang='lat' dir='ltr'>quidem</span> <span class='ocrx_word' id='word_1_50' title='bbox 753 1141 849 1227; x_wconf 88' lang='lat' dir='ltr'>(post</span> <span class='ocrx_word' id='word_1_51' title='bbox 867 1140 985 1218; x_wconf 89' lang='lat' dir='ltr'>multa,</span> <span class='ocrx_word' id='word_1_52' title='bbox 1006 1163 1049 1208; x_wconf 90' lang='lat' dir='ltr'>ne</span> <span class='ocrx_word' id='word_1_53' title='bbox 1068 1140 1181 1207; x_wconf 88' lang='lat' dir='ltr'>dicam</span> <span class='ocrx_word' id='word_1_54' title='bbox 1200 1139 1326 1218; x_wconf 84' lang='lat' dir='ltr'>omnia,</span> <span class='ocrx_word' id='word_1_55' title='bbox 1347 1159 1432 1207; x_wconf 92' lang='lat' dir='ltr'>con·</span> 
     </span>
     <span class='ocr_line' id='line_1_8' title="bbox 329 1248 1431 1336; baseline -0.002 -18"><span class='ocrx_word' id='word_1_56' title='bbox 329 1250 494 1318; x_wconf 90' lang='lat' dir='ltr'>ditionate</span> <span class='ocrx_word' id='word_1_57' title='bbox 509 1250 677 1336; x_wconf 87' lang='lat' dir='ltr'>expensa)</span> <span class='ocrx_word' id='word_1_58' title='bbox 699 1249 889 1318; x_wconf 87' lang='lat' dir='ltr'>absolutam</span> <span class='ocrx_word' id='word_1_59' title='bbox 908 1249 1093 1318; x_wconf 83' lang='lat' dir='ltr'>falsitatem</span> <span class='ocrx_word' id='word_1_60' title='bbox 1110 1250 1145 1316; x_wconf 92' lang='lat' dir='ltr'>in</span> <span class='ocrx_word' id='word_1_61' title='bbox 1161 1248 1334 1316; x_wconf 90' lang='lat' dir='ltr'><strong>XXXIII.</strong></span> <span class='ocrx_word' id='word_1_62' title='bbox 1352 1259 1431 1316; x_wconf 87' lang='lat' dir='ltr'>tan-</span> 
     </span>
     <span class='ocr_line' id='line_1_9' title="bbox 329 1358 1431 1446; baseline -0.002 -19"><span class='ocrx_word' id='word_1_63' title='bbox 329 1361 407 1427; x_wconf 92' lang='lat' dir='ltr'>dem</span> <span class='ocrx_word' id='word_1_64' title='bbox 421 1361 576 1437; x_wconf 74' lang='lat' dir='ltr'>ostendo</span> <span class='ocrx_word' id='word_1_65' title='bbox 590 1358 671 1446; x_wconf 87' lang='lat' dir='ltr'>quia</span> <span class='ocrx_word' id='word_1_66' title='bbox 686 1358 906 1446; x_wconf 89' lang='lat' dir='ltr'>repugnantis</span> <span class='ocrx_word' id='word_1_67' title='bbox 919 1370 1062 1427; x_wconf 90' lang='lat' dir='ltr'>naturae</span> <span class='ocrx_word' id='word_1_68' title='bbox 1077 1358 1185 1427; x_wconf 87' lang='lat' dir='ltr'>lineae</span> <span class='ocrx_word' id='word_1_69' title='bbox 1199 1369 1321 1437; x_wconf 85' lang='lat' dir='ltr'>rectae,</span> <span class='ocrx_word' id='word_1_70' title='bbox 1337 1358 1431 1426; x_wconf 87' lang='lat' dir='ltr'>circa</span> 
     </span>
     <span class='ocr_line' id='line_1_10' title="bbox 329 1467 1431 1556; baseline -0.002 -19"><span class='ocrx_word' id='word_1_71' title='bbox 329 1490 432 1556; x_wconf 86' lang='lat' dir='ltr'>quam</span> <span class='ocrx_word' id='word_1_72' title='bbox 449 1468 558 1537; x_wconf 90' lang='lat' dir='ltr'>multa</span> <span class='ocrx_word' id='word_1_73' title='bbox 577 1467 623 1536; x_wconf 93' lang='lat' dir='ltr'>ibi</span> <span class='ocrx_word' id='word_1_74' title='bbox 643 1469 809 1536; x_wconf 85' lang='lat' dir='ltr'>intersero</span> <span class='ocrx_word' id='word_1_75' title='bbox 828 1469 1018 1536; x_wconf 87' lang='lat' dir='ltr'>necessaria</span> <span class='ocrx_word' id='word_1_76' title='bbox 1037 1468 1225 1536; x_wconf 84' lang='lat' dir='ltr'>Lemmata</span> <span class='ocrx_word' id='word_1_77' title='bbox 1271 1469 1431 1537; x_wconf 85' lang='lat' dir='ltr'>Tandem</span> 
     </span>
     <span class='ocr_line' id='line_1_11' title="bbox 329 1576 1429 1664; baseline -0.003 -18"><span class='ocrx_word' id='word_1_78' title='bbox 329 1599 412 1646; x_wconf 87' lang='lat' dir='ltr'>vero</span> <span class='ocrx_word' id='word_1_79' title='bbox 429 1579 464 1646; x_wconf 91' lang='lat' dir='ltr'>in</span> <span class='ocrx_word' id='word_1_80' title='bbox 481 1579 702 1664; x_wconf 86' lang='lat' dir='ltr'>praecedente</span> <span class='ocrx_word' id='word_1_81' title='bbox 720 1577 958 1664; x_wconf 90' lang='lat' dir='ltr'>Propositione</span> <span class='ocrx_word' id='word_1_82' title='bbox 975 1578 1129 1646; x_wconf 89' lang='lat' dir='ltr'>absolute</span> <span class='ocrx_word' id='word_1_83' title='bbox 1147 1579 1344 1646; x_wconf 88' lang='lat' dir='ltr'>demonstro</span> <span class='ocrx_word' id='word_1_84' title='bbox 1363 1576 1429 1645; x_wconf 89' lang='lat' dir='ltr'>sibi</span> 
     </span>
    </p>
   </div>
   <div class='ocr_carea' id='block_1_4' title="bbox 329 1686 1556 1776">
    <p class='ocr_par' dir='ltr' id='par_1_5' title="bbox 329 1686 1556 1776">
     <span class='ocr_line' id='line_1_12' title="bbox 329 1686 1556 1776; baseline -0.005 -20"><span class='ocrx_word' id='word_1_85' title='bbox 329 1689 393 1775; x_wconf 90' lang='lat' dir='ltr'>ipsi</span> <span class='ocrx_word' id='word_1_86' title='bbox 412 1698 657 1776; x_wconf 85' lang='lat' dir='ltr'>repugnantem</span> <span class='ocrx_word' id='word_1_87' title='bbox 674 1687 877 1774; x_wconf 89' lang='lat' dir='ltr'>hypothesin</span> <span class='ocrx_word' id='word_1_88' title='bbox 895 1687 1011 1774; x_wconf 87' lang='lat' dir='ltr'>anguli</span> <span class='ocrx_word' id='word_1_89' title='bbox 1029 1687 1128 1756; x_wconf 89' lang='lat' dir='ltr'>acuti.</span> <span class='ocrx_word' id='word_1_90' title='bbox 1171 1686 1346 1774; x_wconf 83' lang='lat' dir='ltr'>Quoniam</span> <span class='ocrx_word' id='word_1_91' title='bbox 1363 1687 1430 1774; x_wconf 86' lang='lat' dir='ltr'>igi·</span> <span class='ocrx_word' id='word_1_92' title='bbox 1554 1717 1556 1726; x_wconf 22' lang='grc' dir='ltr'><em>Δ</em></span> 
     </span>
    </p>
   </div>
   <div class='ocr_carea' id='block_1_5' title="bbox 329 1794 1431 1994">
    <p class='ocr_par' dir='ltr' id='par_1_6' title="bbox 329 1794 1431 1994">
     <span class='ocr_line' id='line_1_13' title="bbox 334 1794 1431 1883; baseline 0.001 -22"><span class='ocrx_word' id='word_1_93' title='bbox 334 1794 454 1866; x_wconf 79' lang='lat' dir='ltr'>[981tur</span> <span class='ocrx_word' id='word_1_94' title='bbox 478 1797 579 1866; x_wconf 91' lang='lat' dir='ltr'>unica</span> <span class='ocrx_word' id='word_1_95' title='bbox 604 1807 708 1864; x_wconf 88' lang='lat' dir='ltr'>restat</span> <span class='ocrx_word' id='word_1_96' title='bbox 734 1797 930 1882; x_wconf 89' lang='lat' dir='ltr'>hypothesis</span> <span class='ocrx_word' id='word_1_97' title='bbox 957 1796 1072 1883; x_wconf 90' lang='lat' dir='ltr'>anguli</span> <span class='ocrx_word' id='word_1_98' title='bbox 1099 1795 1191 1874; x_wconf 88' lang='lat' dir='ltr'>recti,</span> <span class='ocrx_word' id='word_1_99' title='bbox 1218 1817 1431 1882; x_wconf 90' lang='lat' dir='ltr'>consequens</span> 
     </span>
     <span class='ocr_line' id='line_1_14' title="bbox 329 1903 1430 1994; baseline -0.002 -20"><span class='ocrx_word' id='word_1_100' title='bbox 329 1907 428 1994; x_wconf 90' lang='lat' dir='ltr'>plane</span> <span class='ocrx_word' id='word_1_101' title='bbox 445 1917 506 1985; x_wconf 87' lang='lat' dir='ltr'>est,</span> <span class='ocrx_word' id='word_1_102' title='bbox 525 1916 562 1975; x_wconf 92' lang='lat' dir='ltr'>ut</span> <span class='ocrx_word' id='word_1_103' title='bbox 579 1929 624 1974; x_wconf 90' lang='lat' dir='ltr'>ex</span> <span class='ocrx_word' id='word_1_104' title='bbox 639 1905 813 1992; x_wconf 90' lang='lat' dir='ltr'>praedicta</span> <span class='ocrx_word' id='word_1_105' title='bbox 829 1905 930 1972; x_wconf 93' lang='lat' dir='ltr'><strong>XIII.</strong></span> <span class='ocrx_word' id='word_1_106' title='bbox 949 1905 1054 1992; x_wconf 89' lang='lat' dir='ltr'>hujus</span> <span class='ocrx_word' id='word_1_107' title='bbox 1071 1903 1258 1974; x_wconf 92' lang='lat' dir='ltr'>stabilitum</span> <span class='ocrx_word' id='word_1_108' title='bbox 1275 1906 1430 1974; x_wconf 89' lang='lat' dir='ltr'>absolute</span> 
     </span>
    </p>
   </div>
   <div class='ocr_carea' id='block_1_6' title="bbox 330 2014 1557 2102">
    <p class='ocr_par' dir='ltr' id='par_1_7' title="bbox 330 2014 1557 2102">
     <span class='ocr_line' id='line_1_15' title="bbox 330 2014 1557 2102; baseline -0.001 -19"><span class='ocrx_word' id='word_1_109' title='bbox 330 2027 466 2084; x_wconf 89' lang='lat' dir='ltr'>maneat</span> <span class='ocrx_word' id='word_1_110' title='bbox 484 2015 764 2102; x_wconf 89' lang='lat' dir='ltr'>praenunciatum</span> <span class='ocrx_word' id='word_1_111' title='bbox 783 2014 1006 2083; x_wconf 88' lang='lat' dir='ltr'>Euclidaeum</span> <span class='ocrx_word' id='word_1_112' title='bbox 1026 2014 1185 2083; x_wconf 89' lang='lat' dir='ltr'>Axioma.</span> <span class='ocrx_word' id='word_1_113' title='bbox 1231 2014 1334 2102; x_wconf 86' lang='lat' dir='ltr'>Quod</span> <span class='ocrx_word' id='word_1_114' title='bbox 1354 2026 1432 2083; x_wconf 90' lang='lat' dir='ltr'>erat</span> <span class='ocrx_word' id='word_1_115' title='bbox 1555 2027 1557 2050; x_wconf 69' lang='lat'><em>‘</em></span> 
     </span>
    </p>
   </div>
   <div class='ocr_carea' id='block_1_7' title="bbox 330 2125 551 2212">
    <p class='ocr_par' dir='ltr' id='par_1_8' title="bbox 330 2125 551 2212">
     <span class='ocr_line' id='line_1_16' title="bbox 330 2125 551 2212; baseline 0 -20"><span class='ocrx_word' id='word_1_116' title='bbox 330 2125 551 2212; x_wconf 88' lang='lat' dir='ltr'>propositum.</span> 
     </span>
    </p>
   </div>
   <div class='ocr_carea' id='block_1_8' title="bbox 772 2318 984 2376">
    <p class='ocr_par' dir='ltr' id='par_1_9' title="bbox 772 2318 984 2376">
     <span class='ocr_line' id='line_1_17' title="bbox 772 2318 984 2376; baseline -0.005 0"><span class='ocrx_word' id='word_1_117' title='bbox 772 2318 984 2376; x_wconf 86' lang='lat' dir='ltr'><strong>SCHOLION.</strong></span> 
     </span>
    </p>
   </div>
   <div class='ocr_carea' id='block_1_9' title="bbox 256 2446 1434 3736">
    <p class='ocr_par' dir='ltr' id='par_1_10' title="bbox 256 2446 1434 3736">
     <span class='ocr_line' id='line_1_18' title="bbox 402 2446 1432 2534; baseline 0 -18"><span class='ocrx_word' id='word_1_118' title='bbox 402 2447 471 2516; x_wconf 89' lang='lat' dir='ltr'>Sed</span> <span class='ocrx_word' id='word_1_119' title='bbox 486 2446 585 2533; x_wconf 88' lang='lat' dir='ltr'>juvat</span> <span class='ocrx_word' id='word_1_120' title='bbox 600 2451 791 2534; x_wconf 87' lang='lat' dir='ltr'>expendere</span> <span class='ocrx_word' id='word_1_121' title='bbox 807 2450 872 2516; x_wconf 90' lang='lat' dir='ltr'>hoc</span> <span class='ocrx_word' id='word_1_122' title='bbox 887 2448 962 2516; x_wconf 90' lang='lat' dir='ltr'>loco</span> <span class='ocrx_word' id='word_1_123' title='bbox 977 2447 1126 2517; x_wconf 90' lang='lat' dir='ltr'>notabile</span> <span class='ocrx_word' id='word_1_124' title='bbox 1142 2449 1323 2517; x_wconf 90' lang='lat' dir='ltr'>discrimen</span> <span class='ocrx_word' id='word_1_125' title='bbox 1339 2449 1432 2516; x_wconf 88' lang='lat' dir='ltr'>inter</span> 
     </span>
     <span class='ocr_line' id='line_1_19' title="bbox 332 2555 1430 2645; baseline 0.003 -21"><span class='ocrx_word' id='word_1_126' title='bbox 332 2555 534 2642; x_wconf 88' lang='lat' dir='ltr'>praemissas</span> <span class='ocrx_word' id='word_1_127' title='bbox 565 2558 712 2626; x_wconf 89' lang='lat' dir='ltr'>duarum</span> <span class='ocrx_word' id='word_1_128' title='bbox 740 2556 980 2645; x_wconf 90' lang='lat' dir='ltr'>hypothesium</span> <span class='ocrx_word' id='word_1_129' title='bbox 1011 2558 1279 2645; x_wconf 87' lang='lat' dir='ltr'>redargutiones.</span> <span class='ocrx_word' id='word_1_130' title='bbox 1335 2558 1430 2627; x_wconf 89' lang='lat' dir='ltr'>Nam</span> 
     </span>
     <span class='ocr_line' id='line_1_20' title="bbox 256 2664 1431 2764; baseline 0.002 -30"><span class='ocrx_word' id='word_1_131' title='bbox 256 2756 260 2764; x_wconf 31' lang='grc' dir='ltr'>Ι</span> <span class='ocrx_word' id='word_1_132' title='bbox 330 2664 419 2734; x_wconf 89' lang='lat' dir='ltr'>circa</span> <span class='ocrx_word' id='word_1_133' title='bbox 437 2666 640 2753; x_wconf 89' lang='lat' dir='ltr'>hypothesin</span> <span class='ocrx_word' id='word_1_134' title='bbox 658 2667 773 2754; x_wconf 87' lang='lat' dir='ltr'>anguli</span> <span class='ocrx_word' id='word_1_135' title='bbox 792 2665 904 2735; x_wconf 91' lang='lat' dir='ltr'>obtusi</span> <span class='ocrx_word' id='word_1_136' title='bbox 923 2688 977 2734; x_wconf 90' lang='lat' dir='ltr'>res</span> <span class='ocrx_word' id='word_1_137' title='bbox 995 2679 1046 2734; x_wconf 90' lang='lat' dir='ltr'>est</span> <span class='ocrx_word' id='word_1_138' title='bbox 1063 2667 1253 2736; x_wconf 90' lang='lat' dir='ltr'>meridiana</span> <span class='ocrx_word' id='word_1_139' title='bbox 1270 2668 1343 2736; x_wconf 89' lang='lat' dir='ltr'>luce</span> <span class='ocrx_word' id='word_1_140' title='bbox 1361 2667 1431 2735; x_wconf 81' lang='lat' dir='ltr'>da·</span> 
     </span>
     <span class='ocr_line' id='line_1_21' title="bbox 331 2775 1433 2862; baseline 0.003 -20"><span class='ocrx_word' id='word_1_141' title='bbox 331 2775 403 2843; x_wconf 90' lang='lat' dir='ltr'>rior</span> <span class='ocrx_word' id='word_1_142' title='bbox 411 2798 420 2856; x_wconf 92' lang='lat'>;</span> <span class='ocrx_word' id='word_1_143' title='bbox 435 2775 710 2862; x_wconf 90' lang='lat' dir='ltr'>quandoquidem</span> <span class='ocrx_word' id='word_1_144' title='bbox 724 2797 769 2843; x_wconf 89' lang='lat' dir='ltr'>ex</span> <span class='ocrx_word' id='word_1_145' title='bbox 783 2798 823 2843; x_wconf 91' lang='lat' dir='ltr'>ea</span> <span class='ocrx_word' id='word_1_146' title='bbox 837 2788 1012 2862; x_wconf 85' lang='lat' dir='ltr'>assmnpta</span> <span class='ocrx_word' id='word_1_147' title='bbox 1026 2787 1064 2844; x_wconf 88' lang='lat' dir='ltr'>ut</span> <span class='ocrx_word' id='word_1_148' title='bbox 1078 2799 1160 2844; x_wconf 85' lang='lat' dir='ltr'>vera</span> <span class='ocrx_word' id='word_1_149' title='bbox 1175 2778 1433 2845; x_wconf 90' lang='lat' dir='ltr'>demonstratur</span> 
     </span>
     <span class='ocr_line' id='line_1_22' title="bbox 331 2883 1432 2956; baseline 0.002 -4"><span class='ocrx_word' id='word_1_150' title='bbox 331 2883 485 2953; x_wconf 87' lang='lat' dir='ltr'>absoluta</span> <span class='ocrx_word' id='word_1_151' title='bbox 498 2883 700 2953; x_wconf 87' lang='lat' dir='ltr'>universalis</span> <span class='ocrx_word' id='word_1_152' title='bbox 713 2884 839 2952; x_wconf 88' lang='lat' dir='ltr'>veritas</span> <span class='ocrx_word' id='word_1_153' title='bbox 852 2886 1063 2954; x_wconf 88' lang='lat' dir='ltr'>controversi</span> <span class='ocrx_word' id='word_1_154' title='bbox 1079 2886 1300 2956; x_wconf 88' lang='lat' dir='ltr'>Pronunciati</span> <span class='ocrx_word' id='word_1_155' title='bbox 1315 2887 1432 2956; x_wconf 84' lang='lat' dir='ltr'>Eucli-</span> 
     </span>
     <span class='ocr_line' id='line_1_23' title="bbox 332 2993 1432 3082; baseline 0.002 -20"><span class='ocrx_word' id='word_1_156' title='bbox 332 2993 417 3072; x_wconf 90' lang='lat' dir='ltr'>daei,</span> <span class='ocrx_word' id='word_1_157' title='bbox 438 3015 482 3060; x_wconf 87' lang='lat' dir='ltr'>ex</span> <span class='ocrx_word' id='word_1_158' title='bbox 500 3015 570 3080; x_wconf 93' lang='lat' dir='ltr'>quo</span> <span class='ocrx_word' id='word_1_159' title='bbox 585 3003 703 3080; x_wconf 90' lang='lat' dir='ltr'>postea</span> <span class='ocrx_word' id='word_1_160' title='bbox 722 2995 976 3063; x_wconf 89' lang='lat' dir='ltr'>demonstratur</span> <span class='ocrx_word' id='word_1_161' title='bbox 994 2994 1149 3064; x_wconf 87' lang='lat' dir='ltr'>absoluta</span> <span class='ocrx_word' id='word_1_162' title='bbox 1169 2995 1303 3064; x_wconf 81' lang='lat' dir='ltr'>falsitas</span> <span class='ocrx_word' id='word_1_163' title='bbox 1323 2995 1432 3082; x_wconf 90' lang='lat' dir='ltr'>ipsius</span> 
     </span>
     <span class='ocr_line' id='line_1_24' title="bbox 331 3101 1428 3192; baseline 0.001 -21"><span class='ocrx_word' id='word_1_164' title='bbox 331 3101 408 3171; x_wconf 89' lang='lat' dir='ltr'>talis</span> <span class='ocrx_word' id='word_1_165' title='bbox 431 3103 644 3189; x_wconf 89' lang='lat' dir='ltr'>hypothesis;</span> <span class='ocrx_word' id='word_1_166' title='bbox 665 3113 767 3188; x_wconf 89' lang='lat' dir='ltr'>prout</span> <span class='ocrx_word' id='word_1_167' title='bbox 787 3113 921 3171; x_wconf 90' lang='lat' dir='ltr'>constat</span> <span class='ocrx_word' id='word_1_168' title='bbox 942 3125 986 3171; x_wconf 87' lang='lat' dir='ltr'>ex</span> <span class='ocrx_word' id='word_1_169' title='bbox 1008 3103 1110 3171; x_wconf 87' lang='lat' dir='ltr'><strong>XIII.</strong></span> <span class='ocrx_word' id='word_1_170' title='bbox 1133 3116 1167 3173; x_wconf 89' lang='lat' dir='ltr'>et</span> <span class='ocrx_word' id='word_1_171' title='bbox 1189 3105 1288 3174; x_wconf 89' lang='lat' dir='ltr'><strong>XIV.</strong></span> <span class='ocrx_word' id='word_1_172' title='bbox 1311 3105 1428 3192; x_wconf 88' lang='lat' dir='ltr'>hujus.</span> 
     </span>
     <span class='ocr_line' id='line_1_25' title="bbox 332 3211 1432 3299; baseline 0.001 -18"><span class='ocrx_word' id='word_1_173' title='bbox 332 3211 462 3281; x_wconf 85' lang='lat' dir='ltr'>Contra</span> <span class='ocrx_word' id='word_1_174' title='bbox 470 3235 552 3280; x_wconf 85' lang='lat' dir='ltr'>vero</span> <span class='ocrx_word' id='word_1_175' title='bbox 567 3233 636 3280; x_wconf 90' lang='lat' dir='ltr'>non</span> <span class='ocrx_word' id='word_1_176' title='bbox 650 3213 795 3280; x_wconf 88' lang='lat' dir='ltr'>devenio</span> <span class='ocrx_word' id='word_1_177' title='bbox 809 3213 853 3280; x_wconf 92' lang='lat' dir='ltr'>ad</span> <span class='ocrx_word' id='word_1_178' title='bbox 867 3213 1078 3299; x_wconf 87' lang='lat' dir='ltr'>probandam</span> <span class='ocrx_word' id='word_1_179' title='bbox 1089 3212 1275 3283; x_wconf 84' lang='lat' dir='ltr'>falsitatem</span> <span class='ocrx_word' id='word_1_180' title='bbox 1289 3214 1432 3285; x_wconf 87' lang='lat' dir='ltr'>alterius</span> 
     </span>
     <span class='ocr_line' id='line_1_26' title="bbox 332 3321 1432 3408; baseline 0.005 -21"><span class='ocrx_word' id='word_1_181' title='bbox 332 3321 537 3408; x_wconf 88' lang='lat' dir='ltr'>hypothesis,</span> <span class='ocrx_word' id='word_1_182' title='bbox 548 3343 635 3407; x_wconf 88' lang='lat' dir='ltr'>quae</span> <span class='ocrx_word' id='word_1_183' title='bbox 649 3332 700 3389; x_wconf 88' lang='lat' dir='ltr'>est</span> <span class='ocrx_word' id='word_1_184' title='bbox 714 3321 829 3408; x_wconf 85' lang='lat' dir='ltr'>anguli</span> <span class='ocrx_word' id='word_1_185' title='bbox 844 3322 945 3400; x_wconf 88' lang='lat' dir='ltr'>acuti,</span> <span class='ocrx_word' id='word_1_186' title='bbox 960 3321 1026 3389; x_wconf 91' lang='lat' dir='ltr'>nisi</span> <span class='ocrx_word' id='word_1_187' title='bbox 1041 3322 1135 3408; x_wconf 89' lang='lat' dir='ltr'>prius</span> <span class='ocrx_word' id='word_1_188' title='bbox 1144 3323 1432 3406; x_wconf 88' lang='lat' dir='ltr'>demonstrando;</span> 
     </span>
     <span class='ocr_line' id='line_1_27' title="bbox 332 3429 1432 3521; baseline 0.004 -22"><span class='ocrx_word' id='word_1_189' title='bbox 332 3431 423 3516; x_wconf 90' lang='lat' dir='ltr'>quod</span> <span class='ocrx_word' id='word_1_190' title='bbox 448 3430 546 3510; x_wconf 88' lang='lat' dir='ltr'>linea,</span> <span class='ocrx_word' id='word_1_191' title='bbox 572 3429 671 3517; x_wconf 88' lang='lat' dir='ltr'>cujus</span> <span class='ocrx_word' id='word_1_192' title='bbox 695 3431 813 3499; x_wconf 88' lang='lat' dir='ltr'>omnia</span> <span class='ocrx_word' id='word_1_193' title='bbox 836 3442 960 3517; x_wconf 85' lang='lat' dir='ltr'>puncta</span> <span class='ocrx_word' id='word_1_194' title='bbox 985 3431 1212 3518; x_wconf 88' lang='lat' dir='ltr'>aequidistent</span> <span class='ocrx_word' id='word_1_195' title='bbox 1235 3455 1257 3502; x_wconf 89' lang='lat' dir='ltr'>a</span> <span class='ocrx_word' id='word_1_196' title='bbox 1280 3435 1432 3521; x_wconf 87' lang='lat' dir='ltr'>quadam</span> 
     </span>
     <span class='ocr_line' id='line_1_28' title="bbox 332 3538 1430 3628; baseline 0.005 -22"><span class='ocrx_word' id='word_1_197' title='bbox 332 3538 506 3625; x_wconf 89' lang='lat' dir='ltr'>supposita</span> <span class='ocrx_word' id='word_1_198' title='bbox 526 3551 618 3608; x_wconf 89' lang='lat' dir='ltr'>recta</span> <span class='ocrx_word' id='word_1_199' title='bbox 637 3539 726 3608; x_wconf 89' lang='lat' dir='ltr'>linea</span> <span class='ocrx_word' id='word_1_200' title='bbox 745 3540 780 3607; x_wconf 92' lang='lat' dir='ltr'>in</span> <span class='ocrx_word' id='word_1_201' title='bbox 799 3541 920 3608; x_wconf 90' lang='lat' dir='ltr'>eodem</span> <span class='ocrx_word' id='word_1_202' title='bbox 940 3562 1017 3608; x_wconf 93' lang='lat' dir='ltr'>cum</span> <span class='ocrx_word' id='word_1_203' title='bbox 1037 3541 1110 3627; x_wconf 88' lang='lat' dir='ltr'>ipsa</span> <span class='ocrx_word' id='word_1_204' title='bbox 1129 3542 1232 3628; x_wconf 91' lang='lat' dir='ltr'>plano</span> <span class='ocrx_word' id='word_1_205' title='bbox 1250 3543 1430 3624; x_wconf 86' lang='lat' dir='ltr'>existente,</span> 
     </span>
     <span class='ocr_line' id='line_1_29' title="bbox 331 3647 1434 3736; baseline 0.005 -20"><span class='ocrx_word' id='word_1_206' title='bbox 331 3647 481 3734; x_wconf 87' lang='lat' dir='ltr'>aequalis</span> <span class='ocrx_word' id='word_1_207' title='bbox 497 3647 541 3718; x_wconf 92' lang='lat' dir='ltr'>sit</span> <span class='ocrx_word' id='word_1_208' title='bbox 557 3648 620 3735; x_wconf 88' lang='lat' dir='ltr'>ipsi</span> <span class='ocrx_word' id='word_1_209' title='bbox 636 3649 696 3718; x_wconf 89' lang='lat' dir='ltr'>tali</span> <span class='ocrx_word' id='word_1_210' title='bbox 713 3659 841 3730; x_wconf 89' lang='lat' dir='ltr'>rectae;</span> <span class='ocrx_word' id='word_1_211' title='bbox 857 3651 949 3735; x_wconf 92' lang='lat' dir='ltr'>quod</span> <span class='ocrx_word' id='word_1_212' title='bbox 965 3649 1077 3736; x_wconf 91' lang='lat' dir='ltr'>ipsum</span> <span class='ocrx_word' id='word_1_213' title='bbox 1092 3661 1207 3719; x_wconf 87' lang='lat' dir='ltr'>tamen</span> <span class='ocrx_word' id='word_1_214' title='bbox 1224 3672 1293 3720; x_wconf 92' lang='lat' dir='ltr'>non</span> <span class='ocrx_word' id='word_1_215' title='bbox 1309 3651 1434 3721; x_wconf 88' lang='lat' dir='ltr'>videor</span> 
     </span>
    </p>
   </div>
   <div class='ocr_carea' id='block_1_10' title="bbox 0 0 1581 5054">
    <p class='ocr_par' dir='ltr' id='par_1_11' title="bbox 0 0 1581 5054">
     <span class='ocr_line' id='line_1_30' title="bbox 0 0 1581 5054; baseline 0 0"><span class='ocrx_word' id='word_1_216' title='bbox 0 0 1581 5054; x_wconf 95' lang='lat' dir='ltr'> </span> 
     </span>
    </p>
   </div>
  </div>
 </body>
</html>
