3184 5054
314 487 446 557 KTSK
470 486 622 573 majores
650 486 718 555 sint
745 485 893 573 qualibet
919 484 1124 573 angulorum
1152 505 1295 564 summa,
1324 504 1411 571 quae

313 595 568 685 quomodolibet
597 595 732 665 deficiat
760 618 782 664 a
810 606 959 685 quatuor
987 595 1104 676 rectis;
1134 594 1410 683 quandoquidem

313 717 488 775 ostensum
515 705 588 792 jam
615 717 666 774 est
693 705 865 793 designari
892 725 1026 791 semper
1052 725 1151 790 posse
1178 704 1245 772 tale
1273 703 1411 790 aliquod

313 815 581 903 quadrilaterum
606 815 757 893 KHLK,
779 810 845 884 154]
859 813 973 900 *cujus
998 825 1144 900 quatuor
1168 814 1269 881 simul
1294 811 1410 901 anguli

313 925 427 993 minus
446 923 605 993 deficiant
622 947 643 993 a
662 935 808 1011 quatuor
828 923 936 1002 rectis,
958 945 1060 1010 quam
1080 923 1123 992 sit
1142 923 1281 1010 quaevis
1301 922 1412 1009 desig-

316 1034 438 1102 nabilis
469 1034 570 1103 unius
601 1034 682 1101 recti
714 1033 937 1120 portiuncula.
992 1032 1103 1120 Igitur
1134 1044 1281 1118 quatuor
1311 1032 1411 1101 simul

315 1143 431 1232 anguli
446 1143 575 1212 stabilis
591 1143 690 1222 illius,
707 1165 746 1211 ac
761 1144 831 1210 dati
847 1143 1077 1229 quadrilateri,
1093 1143 1146 1210 vel
1162 1142 1318 1228 aequales
1334 1152 1413 1210 sunt

316 1264 463 1339 quatuor
490 1252 599 1332 rectis,
629 1252 681 1320 vel
709 1253 836 1320 eisdem
864 1252 1024 1338 majores.
1077 1255 1176 1321 Tunc
1202 1263 1317 1320 autem
1350 1252 1413 1338 (ex

318 1360 416 1430 XVI.
442 1361 567 1448 hujus)
596 1362 767 1431 stabilitur
790 1361 986 1449 hypothesis
1012 1373 1070 1430 aut
1094 1361 1210 1449 anguli
1236 1361 1329 1441 recti,
1355 1372 1414 1429 aut

318 1472 433 1558 anguli
450 1470 562 1540 obtusi
572 1495 580 1552 ;
596 1494 635 1539 ac
651 1483 831 1557 propterea
852 1471 915 1557 (ex
932 1471 975 1540 V.
994 1482 1027 1539 et
1042 1470 1105 1540 VI.
1124 1470 1248 1558 hujus)
1269 1471 1414 1539 destrui-

318 1591 376 1648 tur
393 1581 589 1667 hypothesis
608 1581 724 1668 anguli
743 1581 843 1649 acuti.

388 1689 508 1776 Itaque
522 1700 654 1758 constat
669 1691 879 1782 destructum
895 1691 936 1758 iri
952 1690 1167 1777 hypothesim
1182 1691 1297 1777 anguli
1313 1691 1414 1768 acuti,

320 1799 347 1866 si
364 1800 452 1867 duae
468 1810 578 1867 rectae
593 1798 628 1867 in
643 1801 764 1867 eodem
779 1799 881 1884 plano
897 1799 1080 1867 existentes
1096 1799 1143 1867 ita
1159 1801 1203 1867 ad
1218 1821 1254 1868 se
1271 1799 1416 1867 invicem

320 1929 453 1994 semper
469 1908 579 1996 magis
598 1909 769 1987 accedant,
789 1919 827 1976 ut
845 1909 1065 1976 nihilominus
1084 1910 1269 1977 earundem
1288 1909 1416 1977 distan-

320 2017 368 2085 tia
382 2017 497 2104 major
527 2039 659 2103 semper
675 2017 718 2085 sit
733 2017 906 2104 assignata
922 2020 1069 2104 quadam
1085 2017 1306 2104 longitudine.
1338 2019 1417 2086 Hoc

320 2137 434 2195 autem
449 2137 522 2194 erat
538 2127 850 2195 demonstrandum.

702 2324 992 2382 COROLLARIUM
1015 2325 1037 2382 1.

391 2448 439 2517 At
462 2449 652 2535 (destructa
669 2453 847 2539 hypothesi
864 2454 980 2541 anguli
997 2453 1106 2541 acuti)
1128 2455 1352 2524 manifestum
1370 2455 1417 2534 fit,

321 2579 367 2626 ex
390 2559 442 2626 13.
467 2559 582 2645 hujus,
606 2572 864 2631 controversum
888 2564 1156 2634 Pronunciatum
1180 2565 1419 2645 Euclidaeum;

323 2679 425 2752 prout
445 2691 465 2736 a
485 2691 539 2738 me
560 2671 720 2739 hocloco
742 2673 950 2740 declaratum
971 2673 1012 2740 iri
1035 2675 1201 2760 spopondi
1224 2675 1258 2742 in
1282 2674 1420 2745 Scholio

324 2774 389 2844 III.
411 2788 488 2863 post
508 2778 605 2846 XXI.
627 2780 742 2867 hujus,
764 2781 820 2850 ubi
841 2783 883 2850 de
903 2794 1027 2851 conatu
1048 2783 1275 2851 Nassaradini
1294 2783 1420 2852 Arabis

323 2885 425 2955 locuti
443 2909 570 2958 sumus.
1333 2935 1335 2943 ·

698 3087 988 3147 COROLLARIUM
1008 3091 1046 3146 11.

395 3210 547 3282 Rursum
582 3235 627 3282 ex
664 3217 728 3284 hac
764 3217 1012 3304 Propositione‚
1052 3232 1085 3288 et
1121 3243 1165 3288 ex
1202 3224 1422 3308 praecedente

326 3319 462 3390 XXIII.
477 3322 660 3392 manifeste
675 3325 845 3412 colligitur
860 3328 942 3395 satis
956 3351 1025 3396 non
1039 3351 1113 3398 esse
1128 3332 1171 3399 ad
1187 3330 1422 3400 stabiliendam

327 3429 558 3500 Geometriam
583 3434 803 3503 Euclidaeam
827 3437 896 3505 duo
921 3449 1045 3523 puncta
1070 3440 1253 3526 sequentia.
1304 3441 1423 3510 Unum

326 3549 396 3608 est:
424 3543 516 3627 quod
544 3543 680 3611 nomine
709 3546 947 3630 parallelarum
975 3547 1049 3615 illas
1079 3560 1186 3616 rectas
1215 3571 1422 3630 censeamus,

327 3670 413 3735 quae
428 3650 463 3719 in
477 3653 597 3720 eodem
611 3654 713 3738 plano
727 3655 910 3724 existentes
925 3671 1103 3726 commune
1119 3659 1256 3745 aliquod
1272 3660 1425 3729 obtinent

327 3759 614 3845 perpendiculum.
669 3763 827 3832 Alterum
855 3787 947 3846 vero,
980 3768 1071 3852 quod
1100 3757 1218 3836 dinnes
1249 3781 1359 3838 rectae
1389 3769 1425 3837 in

328 3869 449 3936 eodem
463 3871 565 3957 plano
580 3871 782 3953 existentes·
791 3885 935 3960 quarum
950 3876 1080 3945 nullum
1096 3885 1275 3946 commune
1291 3879 1340 3948 sit·
1351 3901 1426 3967 per·
