3184 5054
395 435 668 503 Demonstratur.
713 433 750 502 Si
768 432 859 500 enim
877 432 1032 518 aequales
1051 431 1118 498 sint
1136 430 1228 515 ipsae
1246 430 1320 509 AB,
1341 429 1422 506 CD;

325 554 459 614 constat
477 544 540 631 (ex
553 543 584 610 2.
601 542 724 628 hujus)
745 553 871 610 rectam
884 542 961 620 LK,
976 563 997 609 a
1010 562 1078 628 qua
1091 539 1254 609 bifariam
1268 539 1423 607 dividan-

325 655 477 724 turillae
496 655 583 721 duae
601 653 675 731 AC,
694 663 727 721 et
746 653 820 730 BD,
841 673 1020 720 commune
1041 651 1118 717 fore
1136 649 1264 718 eisdem
1283 671 1423 735 perpen-

327 764 485 832 diculum.
532 763 593 832 Sin
612 785 694 830 vero
714 762 877 829 alterutra
897 761 941 828 sit
959 761 1083 846 major,
1105 770 1143 828 ut
1162 770 1244 845 puta
1263 758 1346 825 AB:
1367 759 1423 826 de-

326 873 482 941 mittatur
504 874 547 940 ad
570 873 635 939 BD
664 872 784 958 (juxta
808 872 860 938 12.
887 870 1007 957 primi)
1035 894 1079 937 ex
1102 869 1223 956 quovis
1246 879 1371 953 puncto
1393 868 1423 934 L

327 982 432 1068 ipsius
451 983 514 1051 AC
531 981 817 1067 perpendicularis
833 981 910 1059 LK,
929 1001 1109 1048 occurrens
1127 978 1224 1047 alteri
1243 979 1307 1046 BD
1325 977 1360 1044 in
1379 979 1422 1044 K.

328 1091 494 1160 Occurret
523 1102 638 1158 autem
666 1091 701 1158 in
731 1090 845 1176 aliquo
874 1101 999 1175 puncto
1028 1091 1072 1168 K,
1103 1088 1308 1156 consistente
1337 1087 1425 1155 inter

327 1211 452 1286 puncta
476 1201 515 1278 B,
541 1211 574 1268 et
599 1201 650 1280 D;
673 1224 716 1268 ne
746 1200 883 1286 (contra
910 1198 961 1266 17.
988 1198 1108 1284 primi)
1139 1196 1425 1284 perpendicularis

328 1309 395 1377 LK
414 1321 502 1378 secet
520 1310 720 1378 alterutram
738 1309 812 1388 AB,
833 1320 892 1377 aut
910 1310 984 1386 CD,
1003 1308 1297 1394 perpendiculares
1316 1306 1426 1375 eidem

329 1419 403 1486 BD.
450 1419 486 1488 Si
506 1441 589 1506 ergo
609 1419 724 1506 auguli
744 1420 787 1486 ad
807 1429 969 1504 punctum
988 1419 1019 1484 L
1039 1417 1119 1485 recti
1139 1440 1209 1485 non
1229 1429 1317 1495 sunt,
1337 1437 1425 1485 unus

308 1541 311 1546 '
329 1549 449 1596 eorum
470 1539 588 1596 acutus
611 1529 684 1608 erit,
708 1539 741 1596 et
764 1528 850 1596 alter
871 1529 1020 1596 obtusus.
1070 1527 1123 1597 Sit
1144 1528 1285 1595 obtusus
1307 1548 1426 1595 versus

330 1648 492 1724 punctum
509 1637 547 1708 C.
587 1638 666 1724 Jam
682 1660 765 1706 vero
781 1637 990 1724 intelligatur
1006 1639 1073 1704 LK
1089 1637 1137 1705 ita
1153 1638 1335 1723 procedere
1352 1658 1427 1704 ver-

330 1768 387 1816 sus
405 1747 479 1826 AB,
498 1758 535 1815 ut
553 1769 685 1834 semper
701 1748 745 1815 ad
762 1758 871 1814 rectos
889 1748 1032 1833 angulos
1050 1747 1184 1814 insistat
1201 1746 1265 1832 ipsi
1284 1747 1358 1826 BD,
1377 1756 1427 1814 at-

330 1878 395 1942 que
420 1856 502 1924 item
526 1868 716 1942 opportune
741 1868 849 1934 aucta,
876 1867 935 1924 aut
959 1857 1148 1934 imminuta,
1175 1856 1210 1922 in
1235 1856 1349 1942 aliquo
1375 1854 1426 1923 sui

331 1976 456 2051 puncto
470 1977 557 2033 secet
572 1977 698 2033 rectam
713 1965 785 2034 AC.
814 1966 957 2034 Constat
972 1966 1115 2052 angulos
1130 1968 1173 2034 ad
1187 1977 1311 2051 puncta
1325 1965 1428 2033 inter·

330 2075 457 2144 sectiva
480 2074 585 2161 ipsius
609 2075 672 2144 AC
695 2097 765 2142 nou
788 2098 887 2162 posse
910 2098 1028 2142 omnes
1051 2099 1124 2144 esse
1148 2077 1286 2144 obtusos
1309 2097 1428 2144 versus

331 2195 444 2270 partes
463 2185 577 2270 puncti
598 2185 636 2263 C,
657 2208 700 2252 ne
718 2187 857 2253 tandem
877 2185 912 2252 in
932 2186 1006 2271 ipso
1026 2197 1151 2272 puncto
1170 2186 1213 2264 A,
1235 2187 1317 2254 dum
1338 2197 1427 2253 recta

331 2293 398 2362 LK
415 2305 579 2381 congruet
597 2317 674 2362 cum
693 2306 783 2363 recta
802 2295 875 2374 AB,
895 2295 1040 2381 angulus
1059 2298 1102 2362 ad
1122 2307 1283 2381 punctum
1302 2296 1336 2362 A
1354 2318 1429 2362 ver-

332 2425 389 2470 sus
406 2414 518 2488 partes
535 2404 649 2489 puncti
667 2405 695 2473 C
711 2403 754 2471 sit
771 2405 921 2484 obtusus
940 2427 1016 2472 cum
1034 2407 1078 2473 ad
1095 2427 1152 2472 eas
1169 2416 1282 2491 partes
1299 2405 1429 2491 positus

332 2511 376 2580 sit
396 2523 523 2580 acutus.
569 2512 742 2600 Quoniam
761 2537 844 2600 ergo
864 2516 1008 2601 angulus
1028 2515 1072 2582 ad
1092 2526 1255 2600 punctum
1273 2516 1304 2581 L
1325 2515 1430 2600 ipsius

332 2622 398 2688 LK
413 2622 543 2708 positus
560 2634 610 2690 est
626 2624 766 2691 obtusus
782 2645 901 2691 versus
917 2635 1030 2708 partes
1046 2625 1160 2710 puncti
1179 2625 1217 2702 C,
1234 2648 1304 2692 non
1320 2637 1431 2693 trans·

334 2731 394 2800 ibit
421 2731 455 2798 in
481 2754 522 2799 eo
548 2743 645 2801 motu
671 2743 762 2800 recta
787 2734 854 2799 LK
881 2735 924 2801 ad
953 2734 1149 2802 iaciendum
1175 2734 1210 2803 in
1236 2735 1351 2821 aliquo
1378 2735 1430 2804 sui

334 2852 459 2926 puncto
472 2865 549 2910 cum
564 2853 655 2910 recta
670 2843 733 2912 AC
747 2843 910 2929 angulum
924 2855 1061 2912 acutum
1075 2866 1194 2912 versus
1208 2855 1321 2931 partes
1335 2868 1432 2931 prae-

335 2950 414 3018 dicti
440 2950 553 3037 puncti
580 2951 618 3029 C,
644 2951 709 3018 nisi
734 2952 828 3037 prius
852 2963 1003 3020 transeat
1028 2955 1071 3021 ad
1096 2953 1371 3023 constituendum
1397 2955 1431 3022 in

334 3059 449 3146 aliquo
465 3060 517 3127 sui
534 3071 658 3145 puncto
675 3084 752 3128 cum
768 3063 887 3130 eadem
905 3062 968 3132 AC
985 3064 1148 3150 angulum
1166 3076 1295 3132 rectum
1312 3087 1432 3133 versus

335 3179 447 3253 partes
467 3168 623 3259 ejusdem
643 3169 757 3255 puncti
779 3170 816 3239 C.
862 3171 938 3238 Erit
958 3171 1062 3258 igitur
1082 3173 1314 3259 interpuncta
1334 3174 1377 3253 A,
1399 3186 1432 3243 et

336 3279 495 3346 Lunum
519 3278 656 3364 aliquod
681 3290 842 3365 punctum
867 3280 1106 3349 intermedium
1131 3285 1178 3360 H,
1205 3283 1240 3350 in
1265 3306 1333 3369 quo
1358 3285 1432 3352 HK

336 3386 622 3472 perpendicularis
647 3388 710 3474 ipsi
737 3390 801 3455 BD
827 3389 870 3457 sit
895 3389 997 3457 etiam
1022 3392 1309 3476 perpendicularis
1336 3394 1431 3461 alteri

335 3496 407 3566 AC.
1269 3496 1434 3570 Q

407 3606 517 3674 Simili
531 3609 635 3676 modo
649 3611 848 3677 ostendetur
860 3611 978 3677 adesse
993 3610 1141 3696 aliquam
1155 3612 1226 3678 XK
1240 3612 1328 3680 inter
1342 3613 1433 3699 ipsas

338 3716 413 3794 LK,
439 3716 512 3794 CD,
537 3738 622 3802 quae
646 3717 689 3785 sit
712 3718 998 3803 perpendicularis
1021 3729 1054 3787 et
1078 3731 1188 3788 rectae
1212 3722 1286 3801 BD,
1311 3734 1345 3791 et
1368 3717 1430 3788 [4⁵1
