3148 5054
528 799 660 867 LIBRI
686 797 829 866 PRIMI
855 797 979 866 PARS
1004 795 1210 864 ALTERA.

323 991 370 1060 In
403 1011 481 1072 Qun
513 1011 605 1060 meu
642 994 951 1060 Pronuncnrun
987 991 1239 1058 Eucnnmun
1275 1007 1423 1055 cournn

418 1121 658 1170 nupornusm
685 1121 829 1170 nucum
855 1119 968 1168 ncurr
995 1119 1247 1168 nnnnncurrvrs
1273 1117 1423 1165 DEMON-

416 1231 588 1280 srnnrun.

670 1383 912 1442 PROPOSITIO
936 1383 1074 1440 XXXIV.

325 1497 368 1564 In
384 1519 452 1584 qna
471 1495 674 1583 expenditur
692 1518 796 1564 curva
814 1497 979 1582 quaedam
1000 1516 1161 1562 enascens
1180 1517 1223 1562 ex
1243 1491 1424 1580 hypothesi

417 1605 535 1692 eupuli
549 1604 648 1674 uenti.

396 1764 503 1832 Recta
520 1764 584 1833 CD
602 1764 726 1851 jungat
745 1764 899 1852 aequalia
917 1764 1155 1852 perpendicula
1174 1763 1248 1842 AC,
1268 1764 1333 1831 BD
1352 1761 1424 1830 cui·

326 1875 406 1942 dam
420 1884 530 1942 rectae
543 1873 607 1941 AB
621 1874 819 1942 insistentia.
858 1876 950 1942 Tum
963 1873 1082 1942 divisis
1094 1873 1257 1943 bifariam
1271 1873 1306 1940 in
1319 1894 1424 1959 punc-

327 1982 370 2050 tis
391 1983 441 2062 M,
462 1995 495 2051 et
515 1985 551 2051 H
577 1983 652 2072 (ng.
673 1983 749 2068 42.)
774 1983 856 2070 ipsis
876 1983 950 2062 AB,
972 1984 1046 2061 cn,
1068 1983 1233 2070 jungatur
1254 1984 1332 2051 ΜΗ
1360 1982 1424 2068 (ex
1549 1947 1550 2000 ³

327 2093 358 2159 2.
378 2092 502 2179 hujus)
524 2092 659 2179 utrique
676 2092 971 2180 perpendicularis.
1015 2093 1166 2161 Rursum
1184 2093 1219 2160 in
1236 2094 1300 2162 hac
1316 2094 1424 2179 hype

327 2202 413 2269 thesi
436 2213 672 2287 supponuntur
693 2203 782 2271 acuti
805 2202 920 2289 anguli
944 2204 987 2271 ad
1009 2202 1163 2289 junctam
1186 2202 1258 2270 CD.
1307 2201 1424 2288 Quare

328 2311 363 2378 in
377 2310 607 2398 quadrilatero
621 2311 766 2380 AMHC
780 2311 844 2380 erit
859 2314 938 2380 MH
959 2312 1022 2397 (ex
1031 2312 1110 2381 Cor.
1123 2311 1149 2378 1.
1161 2323 1237 2398 post
1252 2313 1282 2380 3.
1293 2311 1419 2398 hujus)

327 2420 441 2488 minor
458 2420 531 2506 ipsa
547 2420 619 2490 AC.
663 2421 755 2489 Hinc
773 2432 904 2501 autem;
922 2421 950 2489 si
969 2421 1003 2488 in
1023 2423 1102 2490 ΜΗ
1120 2431 1291 2509 protracta
1309 2442 1425 2489 sumas

329 2531 406 2598 MK
428 2530 602 2617 aequalem
624 2531 687 2617 ipsi
710 2530 792 2611 AC;
814 2543 939 2618 puncta
962 2532 1000 2610 C,
1025 2532 1068 2609 K,
1092 2533 1136 2610 D,
1160 2531 1358 2617 spectabunt
1379 2532 1425 2598 ad

328 2661 468 2708 curvam
492 2639 546 2708 hic
569 2662 762 2726 expensam.
812 2640 945 2708 Deinde
970 2640 1085 2728 anguli
1111 2642 1155 2710 ad
1180 2641 1333 2728 junctam
1359 2641 1425 2710 CK

329 2760 428 2818 erunt
443 2761 476 2818 et
490 2749 554 2835 ipsi
575 2750 638 2835 (ex
654 2747 683 2817 7.
701 2750 825 2835 hujus)
847 2750 946 2818 acuti.
987 2749 1098 2837 Igitur
1113 2750 1231 2838 juncta
1245 2750 1321 2829 LX,
1338 2773 1425 2836 quae

329 2858 501 2936 bifariam,
516 2870 617 2945 atque
632 2859 710 2927 ideo
729 2859 791 2944 (ex
805 2860 836 2926 2.
853 2859 977 2945 hujus)
998 2860 1042 2927 ad
1056 2860 1200 2947 angulos
1215 2871 1324 2928 rectos
1338 2859 1426 2929 divi-

329 2969 387 3036 dat
402 2968 492 3053 ipsas
507 2967 591 3046 AM,
609 2969 683 3046 CK,
698 2968 764 3036 erit
777 2968 932 3036 similiter
951 2970 1014 3055 (ex
1029 2969 1107 3038 Cor.
1125 2967 1152 3036 1.
1169 2980 1245 3056 post
1260 2971 1280 3038 3
1295 2969 1421 3055 hujus)

329 3077 443 3145 minor
456 3079 574 3145 eadem
590 3077 662 3147 AC.
702 3078 937 3164 Quapropter3
951 3079 978 3145 si
995 3078 1030 3145 in
1045 3079 1109 3146 LX
1124 3089 1296 3167 protracta
1311 3101 1426 3147 sumas

330 3186 390 3254 LF
410 3186 585 3272 aequalem
604 3185 668 3273 ipsi
689 3186 763 3265 AC,
784 3197 843 3255 aut
865 3189 958 3266 MK;
979 3187 1081 3256 etiam
1101 3198 1263 3275 punctum
1284 3190 1313 3257 F
1333 3210 1427 3274 spec·

330 3295 415 3364 tabit
432 3297 477 3363 ad
494 3318 570 3364 eam
588 3318 737 3365 curvam.
781 3297 962 3365 Praeterea
981 3296 1128 3386 jungens
1148 3298 1217 3377 CF,
1238 3308 1271 3366 et
1290 3299 1356 3366 FK
1375 3298 1427 3365 in-

331 3405 445 3473 venies
464 3405 619 3473 similiter
637 3407 707 3474 duo
724 3405 791 3474 alia
809 3417 933 3491 puncta
951 3407 995 3475 ad
1013 3408 1156 3474 eandem
1174 3429 1315 3476 curvam
1333 3430 1428 3495 spec-

331 3513 447 3582 tantia.
495 3514 608 3600 Atque
630 3515 678 3583 ita
699 3536 839 3636 sempeg.
888 3515 991 3602 Quod
1014 3527 1127 3584 autem
1149 3516 1226 3585 dico
1247 3538 1312 3603 pro
1334 3517 1428 3585 inve-
