3148 5054
325 487 408 547 ram,
436 466 523 536 adeo
548 478 586 536 ut
612 478 801 554 propterea,
830 467 903 536 sine
928 467 998 537 ulla
1024 467 1260 538 immutatione
1287 468 1324 536 in
1350 466 1427 555 ipsa

327 577 438 657 AXB,
455 575 560 645 locari
577 578 659 645 haec
675 577 782 662 possit
798 579 842 646 ad
858 580 1116 666 congruendum
1133 579 1169 646 in
1185 579 1307 647 eodem
1323 579 1430 665 plano

328 686 425 755 alteri
445 685 554 756 AXC.
600 684 649 755 At
668 686 852 755 manifeste
873 699 1049 774 repugnat,
1071 689 1164 773 quod
1186 709 1333 767 rursum,
1355 687 1431 755 sine

328 795 398 864 ulla
415 795 651 864 immutatione
668 795 758 864 illius
776 817 857 864 suae
874 797 1149 876 continuationis,
1168 796 1273 865 locari
1291 819 1332 865 ea
1349 819 1431 883 pos-

329 905 373 973 sit
388 903 423 972 in
438 906 558 973 eodem
572 905 674 990 plano
689 905 734 972 ad
749 907 1006 992 congruendum
1021 906 1118 974 alteri
1136 907 1257 985 AXM,
1275 928 1361 993 quae
1377 906 1431 973 ni-

328 1013 455 1081 mirum
473 1013 605 1082 dividat
624 1014 659 1082 in
679 1015 713 1081 X
733 1014 828 1083 illum
848 1015 1115 1101 qualemcunque
1135 1015 1299 1102 angulum
1319 1015 1428 1083 BXC.

329 1123 433 1210 Quod
447 1123 538 1191 enim
550 1123 761 1192 continuatio
774 1123 875 1190 AXB
889 1124 957 1192 alia
969 1125 1068 1210 plane
1081 1125 1125 1193 sit
1139 1148 1161 1192 a
1173 1125 1431 1193 continuatione

329 1231 451 1311 AXM,
468 1231 497 1300 si
513 1242 657 1318 utraque
671 1232 905 1301 consideretur
921 1255 1039 1302 versus
1056 1235 1200 1301 eandem
1217 1256 1276 1302 seu
1292 1229 1426 1301 lae-[76]

329 1363 418 1421 vam,
436 1363 496 1411 seu
511 1343 688 1409 dexteram
705 1353 846 1429 partem,
864 1365 909 1409 ex
924 1365 966 1410 eo
981 1343 1206 1411 manifestum
1222 1365 1295 1411 esse
1311 1344 1430 1423 debet;

330 1451 409 1538 quia
423 1461 595 1520 caeterum
615 1453 672 1538 (ut
686 1452 721 1519 in
735 1452 836 1519 simili
852 1453 1069 1520 observatum
1084 1453 1157 1538 jam
1172 1452 1243 1538 est)
1263 1453 1299 1520 in
1313 1476 1352 1521 ea
1368 1453 1429 1520 tali

329 1561 498 1647 positione
516 1561 675 1629 deberent
694 1561 839 1628 invicem
857 1583 1044 1648 congruere
1063 1561 1156 1647 ipsae
1174 1561 1284 1641 AXB,
1304 1562 1428 1630 AXM.

332 1670 401 1740 Sed
416 1693 525 1757 neque
541 1670 700 1739 sustineri
716 1682 837 1756 potest,
855 1672 947 1757 quod
964 1672 1174 1740 continuatio
1192 1673 1292 1740 AXB
1308 1694 1431 1740 versus

330 1801 434 1848 unam
457 1791 599 1867 partem,
624 1791 661 1848 ut
684 1791 766 1867 puta
789 1781 833 1848 ad
856 1781 998 1859 laevam,
1024 1781 1143 1876 similis
1167 1781 1267 1867 plane
1290 1782 1343 1860 sit,
1369 1792 1431 1850 aut

330 1889 480 1975 aequalis
498 1889 744 1957 continuationi
764 1889 874 1957 AXM
894 1911 1013 1958 versus
1030 1900 1163 1975 partem
1180 1891 1370 1969 adversam,
1391 1902 1432 1960 ut

330 2009 412 2085 puta
430 1998 474 2066 ad
492 1999 686 2078 dexteram;
705 1999 784 2084 quia
803 2010 974 2067 caeterum
992 1999 1202 2068 continuatio
1222 1999 1333 2068 AXM
1352 2022 1432 2068 ver-

332 2129 388 2176 sus
410 2109 588 2175 dexteram
610 2107 729 2175 similis
752 2108 850 2194 plane
874 2109 975 2188 foret,
1000 2120 1058 2177 aut
1081 2110 1230 2195 aequalis
1253 2110 1431 2178 continua-

331 2217 415 2283 tioni
435 2216 534 2286 AXC
552 2239 671 2285 versus
689 2219 831 2284 eandem
850 2220 1026 2285 dexteram
1045 2228 1176 2304 partem
1194 2230 1334 2305 propter
1350 2241 1432 2304 sup-

330 2325 477 2411 positam
490 2325 722 2394 omnimodam
736 2326 1002 2405 similitudinem,
1018 2339 1077 2395 aut
1090 2329 1328 2414 aequalitatem
1342 2329 1433 2396 inter

330 2437 435 2502 modo
459 2434 583 2502 dictam
608 2435 907 2514 continuationem,
932 2448 965 2504 et
989 2437 1081 2503 illam
1104 2438 1207 2505 aliam
1230 2438 1330 2504 AXB
1353 2460 1432 2504 ver-

332 2565 389 2612 sus
403 2545 544 2611 laevam.
584 2547 682 2613 Tunc
697 2556 811 2613 autem
826 2545 861 2612 in
876 2567 916 2612 ea
931 2546 990 2613 tali
1006 2547 1173 2632 positione
1195 2547 1252 2632 (ut
1266 2558 1318 2615 est
1333 2570 1433 2632 prae·

331 2653 479 2740 dictum)
504 2653 665 2722 deberent
684 2653 828 2721 invicem
848 2676 1035 2741 congruere
1056 2656 1147 2740 ipsae
1168 2657 1289 2734 AXM,
1311 2656 1432 2738 AXC;

331 2764 423 2849 quod
439 2775 491 2831 est
505 2775 623 2831 contra
639 2775 851 2850 praesentem
866 2763 1089 2850 hypothesim.

400 2873 457 2939 Ex
479 2872 600 2958 quibus
623 2873 779 2941 omnibus
803 2873 935 2940 iniero:
971 2896 1046 2940 eam
1070 2876 1279 2959 suppositam
1302 2886 1430 2942 rectam

332 2981 431 3048 AXB
459 2982 643 3067 (quatenus
663 2982 800 3068 quidem
822 2982 1030 3070 intelligatur
1050 3005 1252 3052 conservare
1272 3007 1369 3054 suam
1391 2986 1432 3052 il-

332 3091 400 3158 lam
425 3091 691 3177 qualemcunque
716 3091 1005 3159 continuationem
1031 3117 1075 3160 ex
1100 3104 1225 3179 puncto
1251 3095 1284 3160 A
1309 3116 1431 3163 versus

331 3200 379 3285 B)
400 3201 547 3285 recipcre
561 3223 630 3267 non
644 3223 742 3285 posse
752 3201 920 3286 duplicem
934 3201 1036 3294 aliam
1050 3202 1085 3269 in
1100 3204 1219 3270 eodem
1229 3203 1330 3289 plano
1340 3203 1432 3289 posi-

332 3310 469 3389 tionem,
491 3310 526 3376 in
546 3331 690 3395 quarum
710 3321 853 3396 utraque
874 3311 986 3396 portio
1007 3311 1144 3397 quidem
1165 3313 1232 3378 AX
1254 3313 1289 3379 in
1309 3314 1430 3380 eodem

332 3419 399 3488 situ
418 3419 586 3505 persistat,
606 3419 719 3504 portio
737 3441 820 3486 vero
839 3419 945 3487 altera
965 3420 1029 3486 XB
1049 3421 1085 3487 in
1103 3444 1171 3488 una
1191 3421 1326 3491 illarum
1346 3425 1431 3491 dua-

332 3550 409 3596 rum
433 3527 641 3614 positionum
666 3539 832 3615 congruat
863 3529 1027 3614 (exempli
1053 3530 1173 3615 causa)
1205 3531 1267 3617 ipsi
1294 3532 1368 3610 XC,
1396 3544 1431 3601 et

332 3637 367 3704 in
390 3637 457 3705 alia
479 3636 647 3723 positione
669 3625 836 3723 congruat
858 3637 921 3723 ipsi
946 3638 1032 3705 XM.
1082 3640 1185 3726 Quod
1210 3651 1282 3708 erat
1306 3663 1431 3728 propo-

332 3745 444 3816 situm.

402 3855 489 3924 Dico
516 3855 636 3924 tertio:
664 3857 807 3924 eandem
835 3854 1044 3941 suppositam
1074 3868 1200 3924 rectam
1230 3859 1328 3926 AXB
1358 3883 1431 3928 non
