3148 5054
307 496 482 584 postulat
473 518 544 584 rpse
560 496 622 564 sibi
640 495 789 576 concedi,
808 497 869 565 sed
885 495 1124 582 problematice
1140 492 1382 563 demonstrat
1370 514 1408 560 m
1435 503 1565 607 0pr

308 629 370 676 sua
386 608 488 694 Prop.
507 606 570 674 XI.
586 605 681 674 Libri
698 605 809 693 primi.
850 605 903 673 Ibi
919 605 1010 674 enim
1025 627 1070 674 ex
1086 604 1192 673 dato
1183 626 1219 671 m
1236 613 1327 672 recta
1344 601 1472 671 BC

307 716 457 804 quolibet
479 726 605 803 puncto
626 715 661 782 A
689 715 764 802 (fig.
789 714 864 801 40)
893 716 991 783 docet
1013 714 1162 782 excitare
1184 711 1408 836 perpendicu·
1486 705 1515 769 ³13·
1536 719 1537 724 ’

307 826 414 894 larem
442 825 521 905 AD,
550 826 724 911 adquam
752 823 867 912 anguli
897 824 1006 904 DAB,
1037 823 1136 893 DAC
1164 823 1232 891 sint
1258 821 1407 891 invicem

308 934 473 1022 aequales.
524 935 636 1003 Porro
660 933 735 1002 illos
760 935 846 1002 duos
871 933 1014 1021 angulos
1039 954 1112 1001 esse
1136 932 1281 1000 invicem
1305 953 1408 1000 exac-

308 1043 437 1112 tissime
461 1043 628 1130 aequales,
653 1043 726 1112 sine
749 1043 820 1112 ullo
843 1042 982 1112 deiectu
1005 1043 1108 1110 etiam
1131 1042 1262 1110 infinite
1285 1062 1405 1128 parv0,

308 1163 464 1220 constare
485 1162 596 1239 potest
617 1174 661 1220 ex
683 1153 875 1222 Corollario
895 1163 973 1239 post
993 1154 1062 1220 duo
1082 1151 1198 1238 priora
1219 1151 1406 1238 praemissa

309 1262 486 1330 lemmata
516 1255 574 1326 [⁸5]
604 1261 632 1329 si
658 1284 778 1349 nempe
804 1262 897 1348 ipsae
922 1261 997 1341 AB,
1024 1262 1088 1330 AC
1114 1261 1310 1348 designatae
1336 1259 1406 1327 sint

309 1371 522 1440 exactissime
543 1372 708 1458 aequales.

380 1481 448 1550 Sed
466 1481 579 1567 aliqua
598 1480 681 1549 oriri
700 1491 811 1567 potest
830 1480 1006 1559 dubitatio,
1026 1481 1055 1548 si
1073 1481 1142 1548 duo
1161 1480 1218 1548 alii
1237 1481 1281 1548 ad
1298 1501 1406 1567 quan-

308 1592 389 1659 dam
403 1591 545 1659 alteram
561 1591 631 1659 FM
648 1591 729 1658 recti
745 1590 862 1678 anguli
875 1591 986 1670 LHF,
1003 1591 1113 1658 LHM
1136 1589 1211 1678 (fig.
1229 1589 1305 1674 41.)
1325 1609 1406 1656 con-

310 1700 467 1768 ferantur
485 1722 562 1770 cum
581 1699 761 1786 praedictis
781 1700 880 1768 rectis
898 1700 1033 1787 angulis
1054 1699 1162 1778 DAB,
1184 1699 1292 1767 DAC.
1336 1698 1407 1766 Ita-

309 1830 374 1896 que
391 1809 460 1878 HL
475 1809 624 1896 aequalis
641 1808 684 1878 sit
701 1810 764 1895 ipsi
780 1810 860 1888 AD,
877 1831 917 1878 ac
934 1830 1070 1878 rursum
1086 1807 1256 1895 posterior
1272 1808 1406 1896 integra

309 1919 438 2006 Figura
463 1919 510 1988 ita
534 1918 743 2006 intelligatur
768 1918 949 2005 superponi
975 1918 1091 2005 priori,
1117 1929 1154 1987 ut
1179 1928 1342 2004 punctum
1367 1918 1405 1985 H

308 2030 408 2097 cadat
425 2049 526 2114 super
543 2039 705 2114 punctum
723 2028 766 2106 A,
784 2039 818 2096 et
834 2038 998 2115 punctum
1013 2029 1045 2094 L
1062 2049 1163 2114 super
1179 2038 1342 2114 punctum
1360 2028 1403 2094 D.

308 2137 387 2224 Jam
408 2137 456 2206 sic
478 2137 688 2224 progredior.
736 2138 782 2205 Et
804 2125 914 2224 prima
936 2137 1072 2224 quidem
1101 2138 1163 2225 (ex
1186 2139 1406 2223 praecedente

309 2247 504 2334 Lemmate)
526 2247 601 2333 ipsa
616 2247 726 2315 FHM
743 2268 813 2315 non
830 2246 979 2333 praecise
996 2246 1169 2334 continget
1186 2246 1328 2314 alteram
1346 2246 1406 2315 BC

309 2355 345 2422 in
359 2378 400 2424 eo
415 2367 540 2442 puncto
555 2356 597 2423 A.
638 2356 734 2444 Ergo
748 2357 801 2423 vel
817 2356 1025 2424 adamussim
1040 2367 1217 2442 procurret
1232 2378 1335 2442 super
1348 2355 1407 2424 illa

310 2465 379 2544 BC,
403 2465 456 2532 vel
479 2466 621 2533 eandem
644 2465 692 2533 ita
714 2465 849 2544 secabit,
873 2477 910 2533 ut
932 2488 1038 2534 unum
1061 2465 1137 2552 ejus
1161 2476 1324 2551 punctum
1346 2488 1407 2533 ex-

309 2586 456 2642 tremum
474 2597 504 2641 v.
526 2597 557 2662 g.
579 2575 608 2641 F
626 2575 726 2643 cadat
744 2596 856 2662 supra,
877 2587 910 2642 et
929 2575 1073 2643 alterum
1092 2577 1132 2643 M
1152 2577 1321 2644 deorsum.
1368 2573 1406 2644 si

307 2684 474 2771 primum:
500 2684 573 2770 jam
597 2685 695 2752 clare·
710 2685 872 2752 habemus
897 2683 1150 2752 exactissimam
1174 2685 1263 2752 inter
1287 2706 1406 2753 omnes

310 2792 500 2861 rectilineos
518 2794 661 2880 angulos
681 2805 789 2861 rectos
808 2793 1046 2880 aequalitatem
1064 2793 1238 2861 intentam.
1270 2794 1318 2862 At
1336 2815 1407 2862 non

310 2903 512 2983 secundum;
534 2902 614 2988 quia
635 2902 683 2970 sic
704 2904 849 2989 angulus
870 2903 980 2982 LHF,
1003 2905 1067 2970 hoc
1088 2915 1139 2971 est
1162 2903 1269 2983 DAF,
1292 2904 1408 2970 minor

311 3012 403 3079 foret
419 3013 546 3099 angulo
563 3011 672 3090 DAB,
690 3011 833 3098 ejusque
851 3011 1026 3098 supposito
1042 3011 1256 3081 exactissime
1273 3013 1406 3100 aequali
