3174 5050
303 466 497 523 troversum
519 453 741 523 Euclidaeum
763 453 915 521 Axioma
936 452 1021 520 citra
1043 473 1180 519 omnem
1202 449 1399 537 petitionem

304 563 460 651 principii
488 564 577 631 clare
605 564 852 642 demonstrem;
879 583 1062 649 nunquam
1082 560 1208 629 idcirco
1237 557 1400 628 adhibens

304 695 349 740 ex
368 673 450 760 ipsis
470 672 639 759 prioribus
659 672 754 741 Libri
775 671 875 759 primi
897 670 1072 740 Euclidaei
1094 667 1398 756 Propositionibus,

304 804 375 850 non
390 783 495 851 modo
513 781 714 870 vigesimam
731 781 919 867 septimam,
938 790 997 849 aut
1014 779 1216 867 vigesimam
1233 788 1399 856 octavam,

251 910 254 915 ’
305 893 365 961 sed
378 913 440 960 nec
453 891 543 979 ipsas
557 890 694 979 quidem
708 891 875 959 decimam
888 900 1030 968 sextam,
1046 900 1105 958 aut
1120 889 1286 957 decimam
1300 887 1401 973 septi-

304 1023 407 1081 mam,
422 1001 488 1068 nisi
503 1001 560 1070 ubi
575 1001 664 1069 clare
679 1013 801 1088 agatur
816 1003 858 1068 de
873 999 1045 1087 triangulo
1060 999 1153 1067 omni
1172 994 1228 1086 [ξὶ]
1247 1021 1291 1065 ex
1306 1007 1400 1083 parte

305 1111 568 1196 circumscripto.
612 1105 703 1180 Tum
721 1110 756 1177 in
774 1109 961 1196 posteriore
979 1119 1084 1195 parte,
1104 1110 1148 1177 ad
1166 1129 1291 1176 novam
1310 1107 1401 1193 ejus-

305 1223 383 1288 dem
397 1220 592 1288 Axiomatis
606 1219 899 1311 confirmationem
913 1220 1153 1287 demonstrabo
1167 1240 1237 1286 non
1250 1217 1316 1285 nisi
1331 1239 1401 1284 rec-

306 1341 377 1399 tam
395 1331 520 1398 lineam
538 1351 610 1398 esse
630 1351 738 1416 posse,
758 1351 843 1416 quae
863 1329 1019 1397 omnibus
1039 1328 1108 1396 suis
1128 1327 1260 1414 punctis
1280 1350 1301 1395 a
1320 1348 1400 1412 qua·

306 1442 387 1507 dam
413 1439 589 1527 supposita
618 1450 708 1507 recta
738 1439 826 1507 linea
855 1439 1065 1525 aequidistet.
1121 1439 1259 1506 Horum
1287 1447 1400 1505 autem

307 1549 484 1617 occasione
514 1549 624 1634 prima
663 1547 736 1635 ipsa
775 1548 952 1616 universae
984 1547 1197 1616 Geometriae
1230 1546 1401 1631 Principia

307 1658 419 1746 rigido
443 1657 592 1726 examini
617 1657 828 1744 subjicienda
852 1658 906 1725 hic
929 1679 1002 1725 esse
1027 1657 1138 1724 nullus
1163 1667 1224 1733 est,
1250 1656 1307 1742 qui
1332 1677 1401 1722 non

306 1767 429 1835 videat.

376 1878 531 1945 Transeo
545 1879 589 1946 ad
604 1877 689 1945 alios
705 1877 791 1944 duos
806 1898 932 1944 naevos
949 1876 1083 1944 Euclidi
1098 1875 1260 1962 objectos.
1301 1873 1402 1942 Prior

308 1985 443 2071 respicit
458 1985 690 2054 definitionem
705 1997 838 2053 sextam
853 1985 947 2052 Libri
964 1985 1072 2072 quinti
1089 2006 1310 2071 superaeque
1325 2006 1403 2070 pro-

307 2095 570 2181 portionalibus:
587 2095 763 2163 Posterior
778 2095 1021 2163 Definitionem
1036 2095 1189 2180 quintam
1204 2095 1298 2163 Libri
1315 2094 1402 2161 sexti

307 2226 408 2291 super
424 2205 668 2290 compositione
683 2205 862 2272 rationum.
890 2205 959 2272 Hic
974 2216 1088 2274 autem
1103 2205 1167 2272 erit
1183 2205 1320 2272 secundi
1336 2201 1403 2270 mei

307 2314 403 2381 Libri
419 2314 538 2383 unicus
554 2335 685 2400 scopus,
703 2325 741 2382 ut
756 2313 902 2382 dilucide
918 2314 1083 2400 explicem
1098 2314 1273 2401 praefatas
1290 2313 1404 2382 Eucli-

309 2424 411 2491 daeas
438 2423 672 2502 Definitiones,
701 2423 867 2510 simulque
893 2424 1072 2509 ostendam
1097 2445 1166 2491 non
1192 2445 1300 2510 aequo
1327 2422 1404 2509 jure

309 2534 372 2601 hac
390 2532 425 2600 in
442 2543 538 2618 parte
556 2532 709 2602 Euclidis
726 2554 851 2600 nomen
868 2544 1030 2600 vexatum
1050 2533 1166 2602 fuisse.

379 2643 525 2711 Prodest
545 2653 660 2709 tamen
682 2663 818 2711 rursum
839 2663 1069 2728 praemonere,
1092 2643 1363 2711 demonstratum
1384 2666 1404 2710 a

308 2774 364 2820 me
380 2751 421 2818 iri
439 2753 502 2820 hac
517 2751 693 2820 occasione
710 2774 816 2819 unum
831 2753 1005 2838 quoddam
1021 2751 1181 2831 Axioma,
1199 2753 1291 2838 quod
1307 2751 1405 2821 tutis-

309 2861 395 2928 sime
419 2882 481 2947 per
506 2883 643 2928 omnem
670 2861 900 2931 Geometriam
926 2873 1090 2941 versetur,
1118 2862 1191 2931 sine
1218 2861 1404 2948 indigentia

310 2969 400 3039 illius
423 2969 604 3051 Postulati,
631 2971 693 3038 sub
716 2970 854 3038 nomine
878 2969 1074 3038 Axiomatis
1099 2971 1142 3039 ab
1167 2970 1405 3056 interpretibus

316 3079 373 3166 (ut
387 3077 482 3164 reor)
502 3080 634 3159 intrusi,
649 3079 749 3166 cujus
762 3101 844 3149 usus
858 3079 974 3166 incipit
987 3081 1030 3148 ad
1048 3079 1098 3146 18.
1115 3080 1233 3166 quinti.
1253 3073 1319 3143 [xii]
