3148 5054
316 468 379 538 sub
396 469 516 538 eodem
535 466 677 536 immoto
696 476 872 555 segmento
890 465 958 533 AX
977 475 1144 552 congruat
1161 461 1297 532 cuidam
1316 459 1418 530 alteri

317 579 427 658 Axc,
445 580 480 646 in
498 600 566 664 qua
581 577 743 645 nimirum
759 575 970 645 continuatio
988 575 1062 661 ipsa
1078 574 1178 642 Axc
1194 594 1314 640 versus
1332 573 1419 640 dex·

317 701 426 758 teram
449 687 568 755 similis
589 687 689 773 plane
711 687 765 765 sit,
789 697 849 754 aut
871 685 1021 771 aequalis
1043 682 1290 751 continuationi
1314 681 1417 748 ΑΧΒ

318 819 436 866 versus
451 798 592 874 laevam,
607 819 647 864 ac
661 817 797 864 rursum
811 793 1021 867 continuatio
1036 793 1136 862 AXC
1149 813 1268 859 versus
1282 790 1419 859 laevam

319 905 438 974 similis
459 906 557 992 plane
578 906 631 984 sit,
654 917 714 973 aut
734 905 884 990 aequalis
906 901 1152 971 continuationi
1174 901 1274 968 ΑΧΒ
1295 921 1418 967 versus

319 1017 504 1083 dexteram.

389 1124 456 1192 His
475 1124 659 1193 stantibus:
679 1124 707 1191 si
725 1126 768 1192 ad
786 1122 931 1209 quodvis
949 1133 1112 1209 puuctum
1131 1124 1170 1190 M
1189 1131 1362 1206 sumptum
1381 1119 1418 1184 in

319 1257 360 1303 eo
377 1257 458 1302 arcu
474 1235 534 1303 BC
551 1233 717 1320 jungatur
733 1234 827 1313 XM;
844 1233 897 1299 vel
914 1232 1125 1300 continuatio
1142 1231 1253 1297 AXM
1270 1229 1334 1297 erit
1354 1225 1414 1292 [781

320 1343 382 1411 sibi
406 1343 468 1430 ipsi
492 1342 589 1429 plane
611 1342 797 1410 uniformis
820 1343 923 1410 relate
945 1342 990 1408 ad
1012 1343 1154 1418 laevam,
1178 1362 1217 1407 ac
1240 1340 1419 1406 dexteram

320 1465 451 1539 partem
468 1453 572 1538 ipsius
590 1452 657 1518 AX
667 1476 676 1532 ;
691 1453 744 1520 vel
761 1474 839 1519 non.
883 1451 919 1520 Si
937 1452 1102 1537 primum;
1119 1449 1359 1517 demonstrabo
1377 1449 1420 1516 de

321 1563 386 1630 ista
405 1561 526 1641 AXM,
546 1563 638 1648 quod
657 1562 772 1628 statim
791 1563 1085 1629 demonstraturus
1105 1581 1181 1627 sum
1201 1560 1242 1626 de
1261 1559 1320 1626 illa
1338 1580 1421 1625 con-

321 1672 453 1740 tinuata
477 1671 591 1738 AXD.
643 1671 680 1739 Si
706 1672 901 1749 secundum,
928 1692 1011 1756 ergo
1037 1669 1209 1755 praedicta
1233 1668 1345 1735 AXM
1372 1668 1421 1734 ita

322 1803 458 1850 rursum
478 1781 581 1848 locari
602 1780 726 1865 poterit
747 1781 781 1848 in
802 1781 921 1847 eodem
941 1779 1053 1865 plano,
1075 1790 1112 1846 ut
1133 1779 1195 1847 sub
1216 1780 1336 1845 eodem
1356 1777 1422 1842 im-

321 1901 416 1959 moto
435 1901 610 1976 segmento
629 1889 697 1956 AX
716 1899 882 1975 congruat
900 1888 1035 1957 cuidam
1053 1888 1149 1956 alteri
1169 1886 1279 1966 AXF,
1299 1887 1420 1972 inqua

322 1998 484 2068 nimirum
506 1999 715 2067 continuatio
739 1999 812 2083 ipsa
835 1998 934 2064 AXF
956 2019 1075 2066 versus
1099 1999 1276 2064 dexteram
1300 1996 1421 2062 similis

322 2109 421 2194 plane
437 2109 490 2186 sit,
508 2119 567 2176 aut
583 2108 731 2193 aequalis
748 2107 994 2175 continuationi
1012 2107 1123 2174 AXM
1140 2128 1259 2174 versus
1276 2107 1419 2184 laevam,

323 2240 362 2286 ac
383 2239 519 2286 rursum
539 2217 749 2286 continuatio
770 2216 869 2283 AXF
890 2239 1008 2284 versus
1029 2217 1160 2284 laevam
1181 2215 1300 2282 similis
1321 2215 1421 2300 plane

324 2328 377 2405 sit,
406 2339 465 2395 aut
492 2327 641 2412 aequalis
669 2326 915 2395 continuationi
945 2325 1055 2392 AXM
1084 2347 1203 2393 versus
1232 2327 1419 2393 dexteram.

325 2437 445 2514 Porr0,
463 2459 541 2505 cum
557 2447 719 2522 punctum
736 2437 775 2502 M
793 2437 935 2521 supponi
954 2435 1061 2521 possit
1076 2434 1220 2503 vicinius
1237 2445 1362 2520 puncto
1381 2434 1420 2511 B,

324 2567 427 2632 quam
439 2557 602 2632 punctum
617 2546 655 2624 C,
671 2567 739 2612 non
754 2547 851 2612 cadet
865 2557 1027 2630 punctum
1041 2546 1070 2612 F
1084 2545 1119 2612 in
1133 2545 1244 2629 ipsum
1259 2555 1422 2630 punctum

325 2656 354 2724 C
363 2679 371 2736 ;
387 2655 466 2741 quia
483 2655 531 2722 sic
546 2655 756 2723 continuatio
775 2655 885 2721 AXM
902 2676 1021 2722 versus
1037 2653 1170 2722 laevam
1187 2653 1306 2720 similis
1322 2654 1423 2739 plane

327 2766 428 2845 foret,
449 2776 507 2833 aut
527 2764 676 2850 aequalis
696 2763 941 2832 continuationi
961 2763 1071 2842 AXF,
1093 2763 1164 2831 sive
1184 2763 1284 2832 AXC
1303 2784 1422 2830 versus

325 2876 511 2953 dexteram,
535 2896 574 2941 ac
595 2884 773 2959 propterea
794 2871 913 2940 similis
934 2874 1042 2959 plane,
1064 2883 1125 2941 aut
1144 2871 1294 2958 aequalis
1315 2872 1423 2940 conti-

325 2982 479 3052 nuationi
495 2982 595 3049 AXB
610 3005 729 3051 versus
745 2982 886 3060 laevam,
903 2983 995 3068 quod
1010 2993 1062 3050 est
1077 2981 1272 3060 absurdum,
1290 3003 1367 3050 curn
1384 2983 1424 3048 il-

325 3094 377 3160 lae
403 3095 489 3160 duae
515 3093 601 3171 XM,
629 3093 704 3170 XB,
731 3112 800 3158 non
826 3092 888 3158 sibi
915 3091 1059 3158 invicem
1084 3103 1275 3178 congruant
1300 3092 1336 3158 in
1361 3113 1423 3159 sua

325 3203 384 3270 tali
403 3202 580 3288 positione.
626 3202 695 3270 Sed
713 3223 822 3286 neque
840 3200 943 3268 etiam
962 3199 1085 3269 existet
1103 3212 1266 3288 punctum
1286 3202 1314 3267 F
1334 3200 1423 3270 ultra

327 3323 489 3398 punctum
506 3312 534 3379 C
550 3311 584 3377 in
601 3333 642 3378 eo
658 3333 739 3378 arcu
755 3311 815 3379 BC
830 3310 971 3378 ulterius
988 3311 1170 3395 producto;
1187 3312 1267 3396 quia
1284 3311 1332 3378 sic
1348 3310 1424 3379 uni-

330 3421 433 3488 formi
467 3419 645 3488 ratiocinio
675 3422 881 3497 ostendetur,
914 3431 1033 3486 contra
1073 3420 1298 3505 hypothesim,
1331 3421 1424 3506 quod

327 3531 430 3598 etiam
446 3541 608 3616 punctum
626 3531 665 3596 M
683 3530 819 3597 deberet
835 3528 981 3596 existere
998 3529 1033 3596 in
1049 3551 1090 3596 eo
1106 3551 1188 3597 arcu
1205 3530 1264 3598 CB
1281 3529 1424 3598 ulterius

327 3641 503 3727 producto,
521 3640 607 3706 adeo
624 3649 662 3706 ut
678 3637 839 3706 nimirum
856 3638 929 3723 ipsa
946 3636 1022 3704 XM
1039 3637 1206 3706 divideret
1221 3661 1340 3707 versus
1356 3639 1426 3706 lae·
1551 3623 1553 3632 i

328 3771 407 3817 vam
425 3771 502 3816 eum
521 3749 786 3834 qualemcunque
805 3747 968 3834 angulum
987 3747 1097 3826 AXB,
1118 3759 1219 3834 prout
1238 3749 1303 3815 XF
1321 3770 1425 3834 pone-

328 3870 423 3927 retur
439 3858 591 3926 dividere
608 3879 727 3926 versus
745 3858 922 3924 dexteram
939 3879 1017 3924 eum
1034 3856 1300 3944 qualemcunque
1317 3881 1424 3946 angu-

328 3969 399 4036 lum
419 3967 536 4036 AXC:
557 3968 712 4046 Deberet,
734 3966 882 4052 inquam,
904 3965 952 4033 sic
971 3965 1126 4045 existere,
1147 3967 1191 4034 ad
1210 3989 1288 4036 eum
1308 3967 1425 4054 utique
