3148 5054
323 475 505 562 procedere
534 473 569 541 in
598 471 777 560 hypothesi
807 471 923 560 anguli
953 471 1054 550 acuti,
1085 481 1218 539 constat
1247 491 1293 537 ex
1321 468 1427 537 dictis

323 605 435 670 supra
475 619 479 628 =
1547 611 1548 642 r

393 693 450 760 Ex
467 693 532 760 hoc
548 690 654 780 igitur
672 689 820 769 Scholio,
840 701 874 759 et
891 711 936 758 ex
952 689 1060 758 altero
1078 699 1155 775 post
1176 688 1227 756 13.
1247 687 1354 774 hujus
1373 685 1428 754 in·
1547 693 1548 710 ³

323 800 429 889 telligi
445 809 566 888 potest,
583 799 755 869 diversam
769 799 869 885 plane
883 798 976 866 viam
992 797 1070 866 iniri
1086 797 1243 867 debuisse
1258 797 1304 866 ad
1320 795 1429 864 refel-

323 911 460 980 lendam
474 921 643 996 utranque
660 908 786 978 falsam
801 907 1027 996 hypothesim,
1043 929 1150 976 unam
1164 905 1281 994 anguli
1298 905 1426 985 obtusi,

323 1031 359 1089 et
375 1019 518 1088 alteram
536 1017 653 1107 anguli
671 1017 772 1088 acuti.

395 1130 578 1198 Praeterea
604 1126 705 1197 iacile
729 1125 848 1196 itidem
871 1137 924 1194 est
947 1149 993 1194 ex
1017 1124 1092 1194 istis
1116 1124 1326 1213 dignoscere,
1353 1146 1428 1193 non

325 1237 392 1306 nisi
418 1248 546 1306 rectam
572 1236 697 1304 lineam
724 1236 789 1307 CD
815 1256 890 1304 esse
916 1255 1026 1321 posse,
1054 1255 1141 1320 quae
1168 1233 1325 1303 omnibus
1353 1234 1429 1303 suis

325 1347 459 1433 punctis
475 1345 677 1432 aequidistet
693 1345 736 1414 ab
751 1366 792 1412 ea
808 1343 983 1430 supposita
1001 1354 1092 1412 recta
1108 1343 1198 1412 linea
1214 1343 1288 1410 AB.
1310 1338 1370 1406 [⁹7]

673 1557 915 1617 PROPOSITIO
934 1557 1073 1618 XXXIX.

324 1685 369 1755 Si
385 1685 422 1755 in
438 1689 526 1756 duos
542 1697 653 1756 rectus
669 1686 777 1756 tineas
794 1689 902 1756 attero
918 1698 1012 1756 recta
1027 1684 1191 1769 incidens,
1209 1685 1365 1755 internos
1381 1686 1430 1754 ud

420 1797 624 1884 eosdemque
639 1807 755 1884 portes
771 1799 917 1884 ungulos
933 1796 1068 1865 duobus
1084 1794 1187 1902 rectu
1203 1795 1353 1864 minores
1370 1795 1430 1883 fo-

420 1904 497 1987 ciot,
519 1908 608 1975 duae
627 1905 706 1976 illue
726 1917 839 1976 rectae
860 1905 969 1976 lineae
989 1905 1027 1976 in
1047 1903 1219 1993 infinitum
1240 1905 1430 1992 productae

419 2015 486 2084 sibi
507 2025 628 2084 mutuo
651 2013 802 2084 incident
824 2017 869 2084 od
894 2038 952 2084 eos
974 2025 1099 2102 partes,
1123 2015 1183 2083 ubi
1205 2024 1286 2082 sunt
1309 2012 1430 2102 unguii

420 2125 555 2193 duobus
572 2123 674 2194 rectu
692 2124 851 2193 minores.

400 2283 447 2352 Et
472 2285 537 2352 hoc
562 2295 615 2353 est
639 2294 760 2352 notum
786 2283 870 2352 illud
897 2283 1049 2352 Axioma
1074 2283 1309 2363 Euclidaeum,
1336 2282 1433 2370 quod

330 2393 469 2460 tandem
496 2391 649 2462 absolute
688 2393 993 2462 demonstrandum
1032 2392 1188 2479 suscipio.
1242 2391 1301 2462 Ad
1339 2394 1434 2462 hunc

332 2512 447 2571 autem
468 2501 571 2570 finem
592 2502 675 2572 satis
697 2501 762 2571 erit
785 2501 932 2570 recolere
954 2502 1134 2571 nonnullas
1157 2502 1433 2589 praecedentium

333 2612 683 2680 Demonstrationum.
713 2612 833 2698 Itaque
849 2611 884 2679 in
899 2611 984 2680 meis
1001 2611 1307 2698 Propositionibus,
1324 2633 1435 2699 usque

332 2722 378 2790 ad
393 2720 476 2790 VII.
493 2720 598 2808 hujus
614 2720 788 2800 inclusive,
805 2732 875 2790 tres
891 2721 1019 2789 secrevi
1035 2722 1239 2808 hypotheses
1255 2722 1345 2790 circa
1361 2743 1436 2790 rec-

334 2842 405 2900 tam
427 2831 629 2919 jungentem
649 2841 804 2899 extrema
826 2841 951 2917 puncta
973 2831 1120 2899 duorum
1143 2831 1336 2918 aequalium
1357 2853 1437 2919 per·

335 2940 602 3028 pendiculorum,
625 2960 712 3025 quae
733 2939 794 3007 uni
816 2939 952 3007 cuidam
974 2949 1095 3018 rectae,
1119 2962 1223 3025 quam
1243 2939 1352 3008 basim
1374 2961 1437 3026 ap-

335 3048 435 3135 pello,
458 3048 493 3117 in
514 3049 636 3117 eodem
657 3049 759 3134 plano
781 3047 949 3116 insistant.
998 3050 1109 3117 Porro
1131 3049 1220 3117 circa
1242 3051 1304 3118 has
1327 3052 1438 3137 hypo-

335 3159 448 3227 theses
467 3157 571 3246 (quas
587 3157 732 3226 invicem
746 3178 886 3226 secerno
900 3179 945 3225 ex
960 3157 1069 3244 specie
1084 3159 1298 3245 angulorum,
1315 3159 1373 3245 qui
1390 3161 1438 3228 ad

337 3290 413 3337 eam
429 3267 631 3356 jungentem
648 3266 721 3334 fieri
737 3265 957 3353 censeantur)
981 3267 1179 3336 demonstro
1195 3290 1300 3337 unam
1316 3290 1439 3355 quam·

337 3377 418 3447 libet
436 3398 565 3456 earum,
584 3375 747 3445 nimirum
766 3385 826 3446 aut
844 3375 961 3462 anguli
982 3375 1074 3455 recti,
1096 3386 1156 3444 aut
1175 3377 1292 3465 anguli
1311 3377 1438 3458 obtusi,

338 3497 399 3555 aut
415 3484 532 3574 anguli
549 3484 650 3564 acuti,
669 3485 698 3552 si
715 3485 768 3554 vel
787 3484 823 3552 in
840 3506 911 3553 uno
927 3506 1008 3554 casu
1025 3484 1071 3553 sit
1088 3508 1179 3564 vera,
1199 3507 1332 3573 semper
1348 3498 1384 3556 et
1401 3487 1440 3555 in

338 3594 432 3664 omni
445 3617 527 3664 casu
540 3594 633 3663 illam
646 3594 755 3662 solam
768 3614 842 3662 esse
855 3614 981 3662 veram.
1020 3595 1112 3662 Tum
1126 3595 1162 3662 in
1175 3595 1277 3664 XIII.
1292 3598 1441 3667 ostendo

339 3705 566 3774 universalem
587 3703 767 3773 veritatem
789 3701 985 3771 Axiornatis
1007 3704 1229 3784 controversi,
1253 3705 1336 3775 dum
1357 3728 1442 3776 con·

338 3815 439 3884 sistat
455 3815 619 3884 alterutra
633 3812 831 3902 hypothesis
848 3822 907 3881 aut
924 3811 1039 3900 anguli
1058 3813 1151 3892 recti,
1169 3823 1229 3883 aut
1245 3815 1361 3904 anguli
1379 3816 1443 3886 ob-
