3148 5054
409 469 495 534 quoe
509 446 571 516 sub
586 443 776 534 majoribus
790 441 925 531 aepulis
938 441 1056 526 acutis,
1071 443 1237 531 usquead
1250 444 1415 531 onpulum

409 566 539 624 rectum
560 554 734 636 inclusive,
758 576 937 622 commune
959 552 1112 623 obtinent
1132 551 1169 621 in
1186 553 1325 642 ‚duobus
1345 550 1416 621 dis-

411 663 525 734 tinctis
538 662 674 752 punctis
688 662 964 752 perpendiculum
980 685 1057 731 cum
1074 663 1192 731 eadem
1207 661 1284 730 ΒΧ.
1306 657 1364 726 [69]

387 821 660 891 Demonstratur.
704 823 795 890 Nam
812 823 923 909 primo
940 833 1073 890 constat
1094 823 1158 908 (ex
1175 822 1253 892 Cor.
1273 820 1318 888 ΙΙ.
1338 831 1417 908 post

319 929 452 998 XXIX.
473 930 598 1018 hujus)
622 933 753 1001 nullum
774 932 851 1001 lore
870 931 1133 1000 determinatum
1152 943 1289 1000 acutum
1308 953 1416 1018 angu-

318 1039 398 1119 lum,
423 1040 576 1110 omnium
598 1042 797 1121 maximum,
822 1042 884 1111 sub
907 1064 974 1129 quo
998 1043 1118 1110 educta
1141 1064 1185 1108 ex
1208 1040 1266 1108 illo
1289 1051 1416 1130 puncto

318 1149 352 1216 Α
365 1151 408 1217 ad
423 1149 553 1218 finitam
568 1151 764 1220 distantiam
778 1162 934 1220 occurrat
947 1151 1139 1238 praedictae
1153 1150 1228 1218 ΒΧ.
1257 1151 1416 1219 Secundo

317 1269 450 1327 constat
474 1261 606 1328 nullum
630 1261 748 1328 itidem
772 1283 844 1328 esse
876 1260 930 1347 (in
954 1261 1131 1347 hypothesi
1157 1259 1274 1348 anguli
1299 1259 1410 1346 acuti)

317 1379 455 1437 acutum
470 1370 634 1457 angulum
649 1371 802 1439 omnium
818 1370 1007 1449 minimum,
1024 1371 1088 1439 sub
1102 1392 1170 1455 quo
1186 1371 1308 1438 educta
1323 1389 1415 1436 eom-

317 1499 419 1545 mnne
441 1478 562 1546 habeat
583 1479 619 1546 in
640 1479 772 1548 duobus
794 1479 961 1548 distinctis
983 1479 1116 1567 punctis
1138 1478 1416 1566 perpendiculum

317 1609 395 1655 cum
409 1587 467 1656 illa
483 1589 565 1668 BX;
580 1589 856 1675 quandoquidem
876 1590 940 1675 (ex
953 1588 1192 1675 praecedente)
1213 1588 1326 1657 nullus
1341 1609 1417 1655 esse

318 1707 428 1782 potest
451 1696 547 1764 limes
570 1697 824 1778 detenninatus,
849 1720 916 1783 quo
939 1698 1052 1766 minus
1076 1697 1138 1766 sub
1159 1698 1292 1766 minore
1314 1707 1417 1765 acuto

318 1807 444 1893 angulo
463 1807 507 1874 ad
527 1806 611 1875 illud
630 1818 793 1893 punctum
813 1807 847 1874 A
866 1808 1051 1876 constituto
1072 1807 1223 1875 deveniri
1244 1806 1351 1893 possit
1371 1807 1416 1874 ad

317 1915 384 1981 tale
399 1936 578 1983 commune
595 1915 630 1982 in
646 1916 778 1985 duobus
794 1917 962 1985 distinctis
978 1917 1111 2002 punctis
1127 1915 1414 2003 perpendiculum,

318 2025 410 2109 quod
429 2024 472 2093 sit
490 2025 603 2092 minus
623 2025 771 2110 qualibet
790 2025 985 2113 assignabili
1005 2025 1217 2112 longitudine
1238 2026 1278 2092 R.

388 2132 501 2219 Atque
525 2133 603 2201 hinc
626 2134 727 2201 tertio
750 2135 968 2220 consequitur
991 2157 1097 2203 unum
1121 2135 1267 2220 aliquem
1297 2134 1351 2222 (in
1376 2157 1414 2202 ea

318 2242 516 2328 hypothesi)
548 2264 622 2311 esse
649 2244 770 2311 debere
799 2245 1060 2312 determinatum
1087 2254 1225 2313 acutum
1252 2244 1416 2330 angulum

319 2351 429 2430 BAX,
452 2353 515 2419 sub
535 2374 603 2437 quo
624 2355 746 2421 educta
767 2353 836 2421 AX
858 2353 906 2421 ita
927 2375 1060 2438 semper
1080 2353 1190 2440 magis
1212 2354 1349 2421 accedat
1371 2354 1416 2420 ad

318 2483 394 2528 eam
415 2461 489 2540 ΒΧ,
512 2472 638 2529 utnon
659 2462 723 2529 nisi
745 2464 788 2530 ad
810 2462 977 2531 infinitam
998 2463 1195 2531 distantiam
1216 2463 1251 2530 in
1272 2464 1416 2530 eandem

319 2569 454 2638 incidat.

389 2681 501 2748 Porro
517 2692 630 2749 autem
648 2682 735 2748 hanc
753 2681 862 2767 ipsam
880 2681 948 2748 AX
969 2682 1045 2750 fore
1062 2682 1205 2750 limitem
1222 2682 1347 2768 partim
1365 2682 1416 2748 in-

319 2789 512 2868 trinsecum,
545 2789 669 2874 partim
699 2791 928 2858 extrinsecum
959 2791 1134 2876 utriusque
1164 2790 1416 2877 praedictarum

319 2909 488 2966 rectarum
503 2899 630 2978 elassis,
647 2899 695 2967 sic
711 2901 973 2968 demonstratur.
1005 2901 1096 2968 Nam
1112 2901 1223 2987 primo
1238 2901 1417 2968 conveniet

318 3008 478 3076 cumillis
496 3009 605 3088 rectis,
624 3031 709 3094 quae
727 3010 771 3076 ad
789 3009 920 3077 finitam
938 3009 1135 3078 distantiam
1151 3021 1334 3079 occurrunt
1351 3011 1416 3096 ipsi

319 3118 394 3195 ΒΧ,
413 3139 490 3186 cum
508 3119 581 3203 ipsa
598 3119 701 3186 etiam
719 3119 902 3203 aliquando
920 3120 1117 3200 conveniam
1135 3119 1339 3206 discrepabit
1356 3143 1417 3189 au-

318 3238 396 3305 tem,
414 3228 494 3312 quia
509 3227 581 3312 ipsa
597 3250 667 3295 non
683 3228 747 3294 nisi
764 3230 808 3294 ad
824 3227 992 3302 infinitam
1009 3229 1214 3296 distantiam.
1258 3231 1417 3298 Secundo
1499 3256 1502 3261 ·

319 3349 432 3405 autem
449 3336 626 3405 conveniet
643 3337 754 3415 etiam,
774 3348 806 3405 et
824 3338 924 3405 simul
942 3337 1145 3423 discrepabit
1161 3338 1204 3406 ab
1221 3338 1286 3406 illis
1305 3339 1415 3417 rectis,

319 3468 404 3532 qnae
424 3468 602 3514 commune
622 3447 775 3514 obtinent
795 3447 829 3513 in
850 3448 982 3514 duobus
1002 3447 1169 3516 distinctis
1188 3449 1321 3534 punctis
1341 3470 1417 3535 per·

319 3555 534 3642 pendiculum
552 3579 629 3624 cum
648 3557 706 3624 illa
724 3556 788 3622 ΒΧ
798 3579 806 3636 ;
824 3557 903 3641 quia
922 3557 995 3641 ipsa
1013 3557 1116 3625 etiam
1133 3579 1312 3627 commune
1330 3558 1416 3628 obti-

319 3676 375 3733 net
392 3665 668 3751 perpendiculum
685 3688 763 3733 cum
778 3667 898 3733 eadem
915 3665 998 3746 BX;
1015 3668 1075 3733 sed
1092 3665 1127 3732 in
1144 3689 1213 3735 uno
1230 3668 1417 3753 eodemque

317 3787 444 3861 puncto
461 3776 495 3842 X
513 3774 643 3843 infinite
661 3774 789 3843 dissito.
834 3776 912 3842 Hoc
930 3787 1043 3843 autem
1060 3786 1270 3861 postremum
1286 3776 1414 3844 censeri
