3148 5054
327 393 530 468 prognatam
550 381 725 467 aequalem
746 401 820 448 esse
841 381 963 448 debere
983 378 1234 466 contrapositae
1253 379 1328 448 basi
1349 377 1427 446 AB.

329 491 430 558 Nunc
455 503 569 559 autem
593 489 895 559 contradictorium
919 512 964 558 ex
987 489 1107 558 eadem
1130 487 1310 576 hypothesi
1336 486 1430 556 elici-

251 635 254 644 ·
327 621 413 678 mus,
428 600 521 686 quod
535 621 640 668 curva
655 599 756 669 CKD
769 609 916 686 nequeat
930 620 1003 666 esse
1017 596 1169 684 aequalis
1183 596 1232 666 illi
1247 597 1332 678 basi,
1347 619 1428 666 cum

327 719 417 778 certe
432 708 478 777 sit
490 710 610 777 eadem
624 708 747 795 major.
789 707 893 795 Quod
908 707 1000 776 enim
1014 729 1119 776 curva
1135 707 1235 778 CKD
1249 706 1367 794 major
1382 705 1428 774 sit

328 829 420 886 recta
440 818 505 888 CD
526 817 603 905 ejus
624 817 856 886 extremitates
878 817 1054 905 jungente,
1076 816 1173 887 notio
1193 827 1246 886 est
1267 815 1428 886 omnibus

327 926 528 1006 communis,
551 949 654 1014 quam
676 927 779 995 etiarn
803 929 1037 996 demonstrare
1059 947 1241 1014 possumus
1264 948 1310 994 ex
1331 925 1429 1014 vige·

327 1036 414 1106 sima
428 1036 540 1123 primi,
557 1037 650 1122 quod
665 1036 735 1106 duo
750 1036 912 1124 trianguli
927 1035 1035 1105 latera
1051 1036 1182 1123 reliquo
1197 1056 1331 1122 semper
1345 1045 1429 1104 sunt

326 1145 464 1233 majora
471 1169 480 1227 ;
499 1145 627 1233 junctis
645 1144 808 1214 nimimm
827 1145 902 1224 CK,
922 1157 957 1214 et
976 1145 1064 1226 KD;
1082 1167 1123 1214 ac
1142 1166 1279 1214 rursum
1296 1144 1427 1232 junctis

327 1253 483 1324 similiter
505 1255 666 1341 apicibus,
690 1255 803 1341 primo
825 1255 963 1343 quidem
987 1256 1144 1333 duorum,
1168 1265 1243 1324 tum
1266 1265 1426 1340 quatuor,

327 1363 434 1434 etsie
458 1364 495 1432 iu
519 1363 700 1444 infinitum,
727 1363 899 1450 duplicato
924 1385 1068 1433 numero
1092 1363 1324 1433 enascentium
1349 1385 1429 1450 seg·

326 1484 530 1552 mentorum,
554 1495 731 1560 quousque
753 1473 963 1562 intelligatur
985 1474 1051 1542 hoc
1073 1484 1173 1562 pacto
1196 1473 1340 1552 absumi,
1364 1494 1428 1542 seu

327 1581 481 1652 desinere
507 1582 542 1650 in
569 1583 660 1669 ipsas
686 1581 817 1652 infinite
842 1604 966 1670 parvas
993 1605 1053 1652 seu
1079 1583 1235 1662 chordas,
1263 1604 1324 1652 seu
1349 1593 1427 1650 tan-

326 1702 454 1780 gentes,
470 1703 544 1760 tota
558 1714 663 1761 curva
679 1692 789 1762 CKD.
831 1692 901 1762 Sed
915 1693 970 1762 hic
985 1692 1169 1779 procedere
1183 1713 1365 1779 possumus
1381 1714 1427 1760 ex
1558 1695 1559 1714 ¹

328 1802 401 1870 sola
422 1801 594 1870 communi
618 1801 766 1870 notione.
815 1801 919 1890 Quod
942 1813 1057 1870 autem
1079 1801 1199 1889 juncta
1222 1801 1288 1873 CD
1308 1801 1428 1889 major
1558 1867 1559 1872 ,

327 1909 371 1978 sit
385 1909 457 1978 basi
472 1909 548 1990 AB,
563 1913 834 1980 demonstratum
849 1933 869 1980 a
884 1911 982 1979 nobis
997 1922 1050 1980 eet
1063 1911 1098 1979 in
1114 1912 1145 1980 3.
1162 1910 1268 1998 hujus
1282 1933 1327 1978 ex
1342 1910 1426 1997 ipsis

328 2019 512 2088 visceribus
536 2020 733 2108 hypothesis
757 2021 873 2108 anguli
899 2020 998 2090 acuti.
1047 2019 1160 2109 Igitur
1183 2043 1288 2090 curva
1312 2020 1426 2100 CKD,
1558 2097 1559 2126 3

327 2151 371 2197 ex
392 2128 570 2216 hypothesi
591 2129 706 2218 anguli
728 2129 818 2198 acuti
840 2151 1011 2210 enascens,
1034 2141 1086 2199 est
1105 2142 1196 2199 certe
1216 2130 1332 2218 major
1351 2129 1428 2198 basi

327 2237 403 2318 AB,
426 2237 507 2324 quia
530 2249 581 2307 est
602 2238 727 2326 major,
752 2239 873 2308 saltem
896 2261 941 2308 ex
963 2240 1135 2308 communi
1159 2239 1308 2318 notione,
1333 2249 1428 2308 recta

329 2347 403 2426 CD,
418 2369 504 2434 quae
519 2369 563 2415 ex
577 2349 640 2416 hac
654 2347 728 2434 ipsa
742 2348 920 2436 hypothesi
935 2349 1051 2436 anguli
1067 2349 1157 2418 acuti
1172 2349 1431 2418 demonstratur
1554 2381 1558 2388 ·

327 2456 444 2542 major
456 2456 529 2525 basi
545 2456 619 2525 AB.
661 2457 743 2528 Non
759 2457 864 2545 igitur
879 2468 990 2544 potest
1005 2457 1106 2526 simul
1121 2458 1316 2537 consistere,
1333 2459 1430 2545 quod

328 2587 434 2635 curva
460 2566 525 2636 ista
551 2566 652 2636 CKD
677 2567 827 2654 aequalis
854 2565 898 2635 sit
923 2566 995 2635 basi
1022 2567 1096 2635 ΑΒ.
1148 2567 1268 2655 Itaque
1292 2579 1430 2637 constat

329 2674 544 2763 hypothesim
572 2675 687 2765 anguli
716 2675 806 2744 acuti
834 2697 908 2744 esse
935 2677 1088 2745 absolute
1118 2677 1252 2756 falsam,
1282 2676 1363 2764 quia
1391 2698 1430 2746 se

329 2785 438 2871 ipsam
456 2784 608 2854 destmit
