3184 5054
302 441 378 511 fore
404 453 550 529 quatuor
577 440 677 509 rectis
703 462 821 510 omnes
847 440 948 508 simul
975 439 1119 528 angulos
1145 438 1395 526 triangulorum

248 547 250 554 ’
302 551 410 631 ADB,
442 550 547 629 CDB,
578 561 717 637 propter
745 551 831 619 duos
861 549 996 619 additos
1039 559 1148 616 rectos
1178 548 1322 636 angulos
1352 549 1396 616 ad

300 672 462 749 punctum
481 660 523 727 D.
568 661 646 728 Hoc
664 670 792 728 stante:
810 659 964 728 neutrius
981 660 1086 727 modo
1104 659 1273 726 dictorum
1291 657 1396 726 trian-

301 770 469 857 gulorum,
488 781 525 838 ut
556 781 638 857 puta
655 769 764 849 ADB,
782 781 851 837 tres
869 769 968 837 simul
986 768 1102 856 anguli
1119 769 1269 835 minores
1285 777 1395 846 erunt,

301 890 360 948 aut
375 879 526 965 majores
544 879 676 948 duobus
693 878 793 946 rectis
802 901 811 960 ;
828 901 909 946 nam
926 879 974 946 sic
990 878 1164 947 viceversa
1181 877 1320 945 alterius
1337 876 1397 944 tri-

301 989 417 1076 anguli
432 999 502 1057 tres
517 987 618 1057 simul
632 987 747 1075 anguli
762 988 913 1074 majores
932 988 1056 1066 forent,
1073 999 1132 1056 aut
1147 988 1297 1054 minores
1313 988 1397 1055 duo

302 1099 364 1166 bus
394 1097 502 1165 rectis,
558 1098 674 1185 Quare
709 1098 772 1180 (ex
801 1118 892 1165 nona
921 1097 1046 1184 huJ‘us)
1081 1097 1125 1165 ab
1152 1119 1222 1165 uno
1260 1096 1397 1183 quidem

302 1207 473 1294 triangulo
491 1207 698 1276 stabiliretur
714 1205 911 1294 hypothesis
928 1205 1043 1293 anguli
1062 1205 1161 1285 acuti,
1180 1216 1213 1274 et
1230 1207 1273 1275 ab
1290 1206 1398 1274 altero

302 1316 498 1403 hypothesis
522 1316 637 1403 anguli
666 1312 724 1380 l2ll
752 1315 882 1396 obtusi;
906 1317 998 1403 quod
1023 1326 1189 1403 repugnat
1213 1327 1339 1394 sextae,
1364 1325 1398 1384 et

302 1424 464 1511 septimae
482 1425 596 1512 hujus.
639 1425 750 1514 Igitur
768 1437 837 1494 tres
856 1426 955 1494 simul
974 1425 1089 1514 anguli
1108 1425 1284 1512 utriusque
1302 1447 1398 1513 prae·

303 1535 472 1604 dictorum
493 1534 743 1622 triangulorum
766 1535 922 1622 aequales
943 1547 1043 1604 erunt
1065 1535 1198 1604 duobus
1219 1536 1337 1615 rectis;
1359 1556 1399 1603 ac

303 1656 481 1731 propterea
508 1646 571 1733 (ex
591 1667 682 1714 nona
704 1645 828 1732 hujus)
855 1645 1043 1714 stabilietur
1064 1645 1260 1732 hypothesis
1283 1644 1397 1732 anguli

304 1754 394 1822 recti.
436 1753 541 1842 Quod
557 1765 630 1822 erat
646 1754 758 1841 primo
775 1754 850 1823 loco
866 1754 1178 1824 demonstrandum.

374 1864 435 1933 Sin
452 1876 566 1932 autem
581 1874 650 1933 tres
667 1864 782 1951 anguli
799 1864 964 1950 propositi
980 1864 1142 1952 trianguli
1160 1864 1255 1935 ΑΒΕ
1270 1886 1399 1953 ponan-

302 1984 360 2041 tur
386 1973 538 2061 majores
566 1973 698 2042 duobus
727 1973 844 2054 rectis;
872 1973 946 2061 jam
974 1975 1121 2042 duorum
1148 1973 1399 2062 triangulorum

304 2082 414 2162 ADB,
438 2082 532 2153 CDB
555 2104 673 2150 omnes
696 2083 797 2150 simul
819 2083 934 2170 anguli
958 2083 1109 2169 majores
1131 2093 1231 2152 erunt
1253 2094 1400 2171 quatuor

305 2191 414 2271 rectis,
438 2202 577 2279 propter
600 2193 686 2261 duos
710 2192 845 2260 additos
870 2204 978 2260 rectos
1002 2193 1146 2280 angulos
1169 2195 1214 2262 ad
1237 2204 1399 2281 punctum

305 2301 347 2368 D.
397 2302 476 2369 Hoc
499 2311 627 2370 stante:
652 2300 806 2370 neutrius
828 2303 932 2370 modo
957 2302 1126 2371 dictorum
1150 2302 1399 2391 triangulorum

303 2421 373 2478 tres
387 2410 488 2479 simul
502 2410 617 2498 anguli
632 2411 788 2497 aequales
802 2410 951 2498 praecise
965 2422 1074 2491 erunt,
1085 2423 1144 2481 aut
1157 2412 1307 2480 minores
1317 2414 1400 2481 duo

305 2520 367 2588 bus
385 2519 503 2601 rectis;
520 2541 601 2588 nam
619 2520 666 2587 sic
684 2520 856 2588 viceversa
875 2521 1013 2589 alterius
1031 2521 1192 2610 trianguli
1211 2533 1281 2590 tres
1300 2522 1398 2592 simul

305 2630 420 2717 anguli
434 2629 585 2716 majores
601 2630 715 2698 forent
729 2629 861 2698 duobus
874 2630 983 2698 rectis.
1023 2631 1139 2718 Quare
1159 2631 1222 2719 (ex
1235 2654 1326 2701 nona
1339 2634 1401 2701 hu-

305 2738 382 2827 jus)
406 2739 449 2808 ab
467 2761 538 2807 uno
555 2739 692 2825 quidem
711 2739 883 2826 triangulo
902 2739 1108 2809 stabiliretur
1127 2741 1323 2827 hypothesis
1342 2751 1401 2811 aut

305 2848 421 2936 anguli
442 2848 533 2928 recti,
554 2860 613 2917 aut
631 2848 747 2936 anguli
766 2849 866 2928 acuti,
886 2859 920 2918 et
938 2849 981 2917 ab
999 2849 1107 2918 altero
1126 2850 1322 2937 hypothesis
1342 2874 1401 2920 an·

307 2958 376 3045 guli
401 2957 523 3036 obtusi,
549 2959 641 3045 quod
666 2969 832 3045 repugnat
856 2957 1003 3044 quintae,
1029 2970 1155 3039 sextae,
1182 2971 1216 3028 et
1239 2960 1401 3048 septimae

306 3067 420 3152 hujus.
468 3066 579 3154 Igitur
600 3079 669 3134 tres
692 3067 792 3136 simul
814 3067 930 3154 anguli
952 3068 1129 3155 utriusque
1151 3070 1401 3156 praedictorum

306 3176 556 3263 triangulorum
577 3177 728 3262 majores
749 3187 849 3245 erunt
870 3177 1003 3246 duobus
1024 3178 1141 3259 rectis;
1162 3201 1202 3247 ac
1223 3191 1402 3267 propterea

313 3286 377 3373 (ex
406 3307 498 3355 nona
527 3285 651 3372 hujus)
686 3285 875 3355 stabilietur
905 3287 1101 3373 hypothesis
1131 3289 1246 3375 anguli
1278 3290 1399 3359 obtusi.

308 3395 412 3482 Quod
429 3405 502 3463 erat
520 3397 669 3464 secundo
687 3395 762 3464 loco
781 3396 1092 3465 demonstrandum.
