3184 5054
322 447 425 517 BAH
442 447 569 537 angulo
586 458 679 517 recto
696 447 731 515 in
749 447 800 528 A;
816 468 855 516 ac
873 468 1009 516 rursum
1026 445 1061 514 in
1078 445 1211 515 duobus
1229 443 1294 512 illis
1311 442 1416 512 trian-

322 559 411 646 gulis
428 558 588 645 adjacent
606 558 716 626 eidem
733 556 831 626 lateri
851 556 919 625 ΗΒ
939 556 1095 643 aequales
1114 554 1240 644 anguli,
1261 553 1317 641 qui
1338 562 1416 621 sunt

322 668 358 735 in
372 667 486 755 priore
502 667 638 755 quidem
652 667 825 754 triangulo
840 666 985 754 angulus
1001 665 1115 745 BHD‚
1132 674 1166 733 et
1179 664 1215 732 in
1230 662 1417 751 posteriore

322 776 467 866 angulus
483 776 604 857 HBA;
618 775 682 845 erit
696 775 800 844 etiam
820 776 883 864 (ex
896 775 951 844 26.
968 774 1088 862 primi)
1109 773 1258 861 reliquus
1272 772 1417 861 angulus

323 886 428 955 HBD
442 885 478 954 in
492 885 606 974 priore
620 885 793 973 triangulo
808 884 958 972 aequalis
975 884 1105 971 reliquo
1120 883 1247 972 angulo
1262 881 1367 950 BHA
1382 880 1418 948 in

323 995 510 1083 posteriore
524 994 705 1083 triangulo.
746 994 863 1082 Quare
877 994 1008 1082 integer
1022 993 1167 1081 angulus
1183 991 1283 1060 DBA
1296 1012 1418 1078 aequa·

323 1105 365 1172 lis
383 1104 448 1173 erit
463 1104 598 1193 integro
614 1105 741 1192 angulo
759 1103 876 1172 AHD.

391 1215 471 1301 Jam
492 1235 591 1282 vero:
614 1236 684 1282 non
705 1214 770 1282 erit
791 1225 932 1300 uterque
954 1213 1205 1300 praedictorum
1228 1210 1418 1298 aequalium

324 1323 528 1411 angulorum
554 1325 705 1403 obtusus,
733 1346 775 1392 ne
802 1323 990 1391 incidamus
1023 1323 1086 1409 (ex
1112 1321 1351 1408 praecedente)
1383 1319 1419 1387 in

324 1454 431 1500 unum
443 1453 560 1502 casum
573 1433 647 1520 jam
660 1433 858 1519 reprobatae
871 1431 1068 1520 hypothesis
1081 1431 1197 1519 anguli
1211 1430 1333 1501 obtusi.
1352 1431 1419 1500 Sed

324 1564 433 1628 neque
452 1543 517 1610 erit
537 1554 657 1622 rectus,
678 1564 720 1610 ne
740 1542 929 1610 incidamus
954 1543 1018 1629 (ex
1037 1542 1156 1610 eadem
1175 1540 1414 1628 praecedente)

326 1651 360 1718 in
385 1673 491 1719 unum
515 1673 631 1720 casum
655 1673 718 1739 pro
742 1651 920 1739 hypothesi
946 1651 1061 1738 anguli
1088 1649 1180 1730 recti,
1206 1649 1264 1737 qui
1289 1649 1420 1718 nullum

332 1761 395 1846 (ex
418 1757 446 1828 5.
471 1760 595 1847 hujus)
622 1761 826 1847 relinqueret
847 1761 960 1830 locum
981 1760 1159 1848 hypothesi
1182 1759 1299 1846 anguli
1319 1757 1417 1828 acuti.

326 1869 480 1955 Uterque
494 1869 599 1957 igitur
612 1870 748 1938 illorum
761 1870 965 1957 angulorum
978 1870 1042 1938 erit
1055 1881 1183 1938 acutus.
1199 1871 1279 1937 Hoc
1292 1879 1420 1937 stante:

327 1978 430 2066 Quod
453 1990 545 2047 recta
567 1980 632 2046 BD
654 1990 827 2066 protracta
848 2001 1025 2048 occurrere
1047 1989 1192 2065 nequeat
1215 1979 1250 2047 in
1273 1979 1420 2065 quodam

326 2098 452 2174 puncto
477 2089 512 2156 K
536 2089 598 2175 ipsi
625 2089 696 2157 AH
722 2091 766 2157 ad
791 2090 927 2157 easdem
952 2099 1065 2175 partes
1090 2089 1285 2175 productae,
1311 2111 1356 2156 ex
1380 2109 1422 2156 eo

326 2197 597 2279 demonstratur;
617 2197 697 2284 quia
716 2198 752 2266 in
772 2198 944 2286 triangulo
964 2197 1083 2278 KDH,
1105 2208 1239 2284 praeter
1259 2198 1421 2285 angulum

328 2317 457 2375 rectum
474 2307 510 2374 in
528 2308 571 2386 D,
590 2309 723 2376 adesset
740 2308 885 2395 angulus
902 2308 1043 2376 obtusus
1062 2307 1097 2375 in
1115 2309 1162 2386 H,
1182 2329 1260 2375 cum
1277 2307 1421 2395 angulus

328 2416 445 2496 AHD,
468 2416 502 2484 in
521 2416 694 2503 praedicta
713 2417 891 2504 hypothesi
911 2417 1027 2504 anguli
1048 2417 1148 2496 acuti,
1170 2418 1421 2484 demonstratus

328 2525 372 2593 sit
392 2516 519 2595 acutus.
567 2526 646 2594 Hoc
667 2537 781 2595 autem
802 2525 988 2595 absurdum
1008 2537 1069 2606 est,
1092 2537 1211 2595 contra
1235 2524 1286 2594 17.
1310 2525 1420 2613 primi.

328 2634 409 2703 Non
423 2657 507 2723 ergo
521 2635 702 2704 subsistere
715 2647 826 2723 potest
840 2635 874 2704 in
889 2657 929 2705 ea
938 2636 1126 2723 hypothesi,
1142 2647 1180 2704 ut
1194 2636 1333 2722 quaevis
1347 2635 1421 2715 BD,

328 2743 473 2813 efficiens
491 2766 569 2814 cum
586 2737 664 2825 una,
684 2755 722 2813 ut
739 2744 820 2813 libet
837 2767 943 2833 parva
961 2756 1053 2814 recta
1070 2745 1144 2825 AB,
1164 2745 1346 2833 quemlibet
1363 2767 1423 2814 an·

328 2855 446 2940 gulum
469 2865 606 2924 acutum
629 2876 747 2923 versus
770 2865 883 2941 partes
907 2854 1012 2941 ipsius
1036 2856 1118 2935 AH,
1143 2877 1326 2924 occursura
1349 2866 1423 2924 tan-

328 2964 406 3031 dem
427 2963 471 3032 sit
491 2965 534 3033 ad
554 2963 695 3044 finitam,
718 2986 778 3033 seu
797 2963 1015 3033 terminatam
1035 2964 1242 3045 distantiam,
1265 2964 1329 3052 ipsi
1350 2965 1422 3033 AH

214 3111 217 3116 ·
328 3074 521 3159 productae.
570 3073 673 3160 Quod
696 3084 769 3142 erat
790 3075 1103 3142 demonstrandum.

398 3180 510 3250 Aliter
528 3181 628 3261 idem,
649 3204 688 3252 ac
710 3183 855 3252 facilius
900 3182 1065 3252 Insistant
1084 3183 1142 3252 uni
1163 3184 1298 3253 cuidam
1318 3206 1424 3272 quan-

329 3290 483 3360 tumlibet
496 3313 621 3378 parvae
636 3304 746 3362 rectae
760 3291 824 3359 AB
844 3291 918 3381 (fig.
937 3293 1010 3379 16.)
1030 3295 1117 3362 duae
1131 3294 1423 3380 perpendiculares

334 3395 392 3464 [25]
418 3400 497 3481 AK,
520 3401 601 3469 ΒΜ.
649 3401 857 3470 Demittatur
878 3403 922 3470 ad
944 3401 1014 3470 AK
1035 3425 1080 3470 ex
1100 3402 1214 3489 aliquo
1236 3414 1362 3491 puncto
1384 3405 1423 3472 M

330 3509 435 3596 ipsius
458 3509 529 3579 ΒΜ
551 3511 836 3597 perpendicularis
859 3511 949 3590 MH,
972 3511 1203 3599 jungaturque
1225 3513 1302 3581 ΒΗ.
1335 3513 1425 3583 Con·

331 3630 398 3688 stat
414 3630 551 3690 acutum
569 3620 646 3690 iore
663 3620 826 3708 angulum
843 3620 963 3689 BHM.
1006 3621 1070 3689 Est
1086 3621 1189 3691 etiam
1212 3621 1275 3710 (ex
1292 3644 1425 3710 praece·
