3148 5054
335 372 395 430 aut
409 372 537 442 acutos,
554 360 584 430 si
599 361 723 448 major.
764 363 856 430 Tum
873 383 955 430 vero
971 362 1105 430 ostendi
1122 362 1265 430 debebat
1281 383 1354 430 non
1371 360 1438 428 nisi
1550 341 1551 344 ¹

334 493 455 540 cavam
471 491 546 540 esse
564 492 664 557 posse
681 491 801 539 versus
820 470 929 539 basim
947 471 1012 540 AB
1031 471 1157 539 lineam
1175 492 1328 550 curvam,
1350 490 1439 556 quae

341 580 397 668 (in
418 579 597 668 hypothesi
618 581 735 667 angen
758 581 867 666 acue)
895 580 1020 667 Jungat
1041 581 1274 648 extremitates
1297 581 1438 648 snorum
1549 653 1551 690 ζ

337 689 530 776 aequalium
560 689 888 776 perpendiculum,
920 711 959 758 ac
991 710 1128 758 rursum
1157 711 1228 757 non
1257 689 1325 757 nisi
1356 709 1439 758 con-
1549 693 1551 740 ῑ

336 821 461 868 vexam
488 819 608 868 versus
637 799 780 867 eandem
808 798 917 868 basim
946 797 1048 867 aliam
1076 820 1227 877 curvam,
1257 820 1346 884 quae
1381 798 1437 886 (in

337 907 515 995 hypothesi
540 907 657 995 anguli
681 907 812 994 obtusi)
842 907 967 995 jungat
990 907 1223 977 extremitates
1248 908 1437 977 eorundem

336 1016 662 1104 perpendiculomm.
710 1016 843 1085 Deinde
864 1028 978 1085 autem
999 1017 1196 1104 hypothesis
1217 1016 1357 1103 quidem
1376 1039 1439 1085 an·

336 1125 408 1214 guli
424 1125 514 1196 acuti
532 1148 577 1194 ex
593 1147 635 1194 eo
652 1127 920 1195 demonstranda
935 1137 1009 1195 erat
1028 1126 1135 1207 ialsa;
1152 1127 1233 1212 quia
1250 1127 1339 1194 linea
1356 1127 1439 1214 jun·

339 1257 422 1323 gens
453 1235 705 1321 praedictorum
735 1236 1054 1322 perpendiculorum
1083 1237 1317 1304 extremitates
1349 1237 1438 1304 adeo

337 1365 407 1412 non
424 1343 489 1414 erit
505 1344 656 1431 aequalis
673 1345 745 1413 basi
764 1343 839 1423 AB,
858 1355 896 1414 ut
914 1343 1020 1412 immo
1043 1345 1107 1431 (ex
1123 1345 1296 1413 communi
1315 1345 1438 1413 saltem
1550 1379 1551 1404 2

337 1453 496 1540 notione)
519 1453 635 1540 major
653 1453 698 1522 sit
718 1453 776 1522 illa
795 1453 914 1540 juncta
935 1464 1026 1522 reeta
1045 1454 1120 1533 ΕΙ),
1141 1476 1228 1540 quae
1248 1476 1293 1522 ex
1311 1465 1439 1524 natura

337 1562 514 1650 ipsiusmet
536 1562 733 1650 hypothesis
756 1562 873 1649 major
894 1573 946 1632 est
969 1563 1142 1649 praedicta
1165 1562 1239 1631 basi
1263 1562 1337 1631 AB.
1389 1564 1440 1632 At
1550 1639 1551 1642 Ἴ

336 1671 533 1759 hypothesis
550 1672 666 1759 anguli
685 1672 795 1742 obtusi
815 1671 952 1741 aliunde
969 1672 1180 1740 ostendenda
1197 1684 1271 1740 erat
1288 1671 1353 1742 sibi
1371 1673 1439 1761 ipsi
1550 1709 1551 1714 =

338 1802 541 1870 repugnans,
559 1791 661 1867 prout
677 1780 713 1849 in
729 1781 828 1850 XIV.
846 1780 960 1867 hujus.
1004 1780 1073 1851 Sed
1089 1782 1172 1849 haec
1188 1780 1262 1868 jam
1279 1781 1372 1850 satis.

717 1971 815 2040 senes
830 1971 927 2040 eure
940 1971 1051 2059 preme.
