3174 5050
294 1217 593 1364 euentus
618 1274 703 1358 AB
731 1270 1152 1486 ocanTIInnevo
1177 1270 1386 1358 vnum-

647 1640 795 1708 LIBER
823 1639 1030 1709 PRIMUS:

294 1835 337 1883 IN
368 1836 443 1896 Quo
473 1835 788 1886 DEMONSTRATUR:
831 1835 926 1884 DUAS
956 1835 1160 1894 QUASLIBET
1190 1836 1233 1883 IN
1263 1834 1386 1885 EODEM

387 1945 509 1995 PLANO
528 1945 753 1994 EXISTENTES
773 1945 908 1994 RECTAS
928 1945 1072 2007 LINEAS,
1093 1947 1135 1994 IN
1157 1944 1253 2004 QUAS
1273 1944 1388 1992 RECTA

386 2055 582 2115 QUAEPIAM
609 2055 786 2104 INCIDENS
810 2056 903 2104 DUOS
926 2056 975 2103 An
999 2055 1143 2104 EASDEM
1171 2055 1305 2104 PARTES
1330 2054 1388 2102 IN·

387 2164 525 2214 TERNOS
540 2165 712 2214 ANGULOS
727 2164 897 2213 EFFICIAT
912 2165 1056 2213 DUOBUS
1072 2165 1197 2213 RECTIS
1214 2163 1388 2226 MINORES,

386 2274 435 2322 AD
449 2274 515 2323 ΕΑΒ
532 2275 666 2323 PARTES
680 2274 897 2335 ALIQUANDO
914 2274 1074 2324 INVICEM
1093 2273 1280 2336 COITURAS,
1298 2274 1329 2322 SI
1346 2274 1389 2321 IN

387 2383 597 2432 INFINITUM
616 2383 895 2432 PRODUCANTUR.

691 2665 816 2736 PARS
837 2667 996 2735 PRIMA

702 2873 943 2932 PROPOSITIO
960 2875 983 2930 1.

296 3002 338 3072 Si
352 3005 440 3072 duae
455 3005 612 3091 aequales
627 3014 739 3072 rectae
754 3004 829 3091 (fiq.
842 3002 893 3090 1.)
907 3003 982 3085 AC,
992 3004 1068 3085 BD,
1086 3006 1244 3091 aequales
1259 3005 1303 3074 ad
1320 3026 1390 3072 eas-

388 3115 466 3182 dem
491 3125 606 3200 partes
632 3112 777 3200 efficiant
802 3114 947 3201 anqulos
972 3135 1049 3182 cum
1075 3124 1168 3181 reeta
1192 3113 1275 3181 AB:
1303 3113 1390 3181 Dico

388 3223 533 3309 anqulos
548 3225 593 3292 ad
606 3223 761 3310 junctam
779 3223 809 3292 C
809 3224 842 3290 D
859 3224 1016 3310 aequales
1032 3221 1176 3290 invicem
1193 3223 1281 3311 fore.

367 3383 639 3451 Demonstratur.
686 3381 882 3468 Jungantur
905 3381 983 3461 AD,
1009 3382 1077 3451 CB.
1126 3385 1216 3452 Tum
1239 3383 1392 3450 conside-

298 3502 416 3560 rentur
429 3492 600 3579 triangula
616 3491 720 3570 (ΖΑΒ,
737 3490 846 3559 DBA.
887 3491 1031 3560 Constat
1051 3491 1115 3579 (ex
1130 3504 1251 3578 quarta
1267 3492 1386 3578 primi)

297 3601 454 3687 aequales
476 3602 552 3670 fore
572 3602 669 3669 bases
689 3601 759 3680 CB,
781 3601 858 3669 AD.
905 3601 1037 3670 Deinde
1057 3600 1313 3671 considerentur
1332 3603 1393 3671 tri·

298 3711 423 3798 angula
439 3711 548 3790 ACD,
566 3710 670 3779 BDC.
713 3710 856 3779 Constat
878 3709 942 3796 (ex
957 3720 1078 3778 octava
1094 3710 1214 3797 primi)
1237 3712 1392 3798 aequales

300 3821 376 3889 fore
392 3820 535 3908 angulos
552 3820 660 3899 Act),
678 3819 782 3888 BDC.
824 3819 927 3907 Quod
943 3829 1016 3888 erat
1032 3819 1344 3890 demonstrandum.
