3148 5054
339 464 457 534 nuatio
472 465 507 534 in
522 465 687 535 directum
702 467 978 554 praesuppositae
993 467 1174 554 cujusdam
1189 467 1352 554 simplicis
1369 488 1441 536 rec-

339 585 394 644 tae
412 573 481 643 AX
498 596 568 643 non
586 575 653 644 alia
670 597 743 644 esse
760 577 961 664 intelligitur
978 589 1111 664 praeter
1129 599 1233 646 unam
1251 577 1331 655 XD,
1351 599 1441 663 quae

341 705 384 752 ex
398 705 505 772 aequo
521 684 679 771 utrinque
693 687 854 772 procedat
870 686 973 754 relate
989 689 1032 754 ad
1047 687 1189 765 laevam,
1206 710 1245 755 ac
1260 689 1440 754 dexteram

340 805 471 881 partem
490 795 681 880 praedictae
699 795 786 876 AX;
805 819 848 863 ex
867 817 935 882 quo
953 796 1069 883 utique
1089 796 1157 874 fiat,
1178 807 1216 865 ut
1235 797 1296 864 sub
1314 819 1356 865 ea
1376 796 1441 862 im-

339 915 433 972 mota
455 903 524 970 AX
547 925 616 972 non
638 903 741 972 aliam
763 905 837 992 ipsa
859 904 1038 974 immutata
1061 906 1184 974 habere
1208 905 1314 992 possit
1337 905 1373 972 in
1397 929 1441 973 eo
1555 893 1556 896 ¹

339 1013 441 1098 plano
455 1012 667 1099 positionem.
707 1013 810 1102 Quod
825 1024 939 1082 autem
954 1014 988 1082 in
1003 1017 1123 1082 eodem
1138 1015 1240 1100 plano
1254 1015 1321 1083 alia
1335 1037 1442 1101 quae-

339 1123 419 1190 dam
439 1123 483 1190 ad
503 1123 634 1190 laevam
655 1123 789 1190 decerni
810 1122 916 1210 possit
937 1125 1023 1202 XM,
1046 1124 1175 1192 infinite
1197 1147 1317 1210 parum
1338 1125 1442 1192 dissi-

339 1231 424 1299 liens
447 1232 491 1300 ab
513 1232 586 1318 ipsa
609 1232 689 1311 XD,
714 1232 798 1299 nihil
822 1233 1043 1320 suffragatur.
1094 1235 1186 1301 Nam
1210 1256 1345 1303 rursmn
1371 1232 1441 1302 alia

340 1340 421 1410 item
436 1342 480 1410 ad
497 1342 673 1410 dexteram
690 1342 862 1430 designari
878 1342 1002 1429 poterit
1019 1343 1094 1420 XF,
1112 1366 1198 1429 quae
1216 1343 1441 1412 uniformiter

339 1449 469 1520 infinite
488 1472 610 1538 parurn
629 1451 773 1520 dissiliat
792 1453 835 1520 ab
854 1452 1071 1528 eademXD.
1117 1455 1234 1540 Quare
1259 1453 1380 1540 (prout
1401 1452 1440 1519 in

338 1559 523 1646 praecitato
543 1556 821 1646 Lemma-lune)
848 1561 907 1629 illa
928 1561 1001 1629 sola
1022 1561 1126 1628 AXD
1148 1561 1211 1629 erit
1233 1562 1321 1630 linea
1344 1574 1440 1629 recta

339 1692 359 1737 a
374 1669 472 1738 nobis
487 1669 635 1738 definita.

408 1779 564 1848 Tertium
587 1781 725 1848 tandem
749 1790 817 1848 est:
843 1780 877 1847 in
901 1782 964 1848 hoc
989 1782 1063 1866 ipso
1087 1783 1236 1849 secundo
1259 1783 1440 1849 Lemmate

338 1889 467 1957 censeri
482 1911 581 1975 posse
597 1888 791 1957 immediate
807 1891 1074 1958 demonstratam
1094 1891 1121 1958 l.
1140 1889 1327 1971 undecimi;
1343 1893 1439 1978 quod

339 2020 459 2085 nempe
479 1998 636 2085 ejusdem
657 2009 767 2067 rectae
787 2010 931 2086 nequeat
953 2021 1031 2085 pars
1053 2023 1121 2068 una
1142 2000 1279 2085 quidem
1301 2001 1335 2067 in
1358 2002 1439 2069 sub-

338 2107 430 2194 jecto
447 2108 550 2194 plano
566 2107 722 2187 existere,
741 2119 774 2176 et
792 2108 897 2176 altera
917 2108 950 2176 in
969 2108 1112 2176 sublimi.

777 2322 923 2378 LEMMA
941 2323 993 2378 111.

338 2451 379 2520 Si
391 2453 478 2519 detor
492 2461 603 2520 rectae
616 2452 692 2533 ΑΒ,
709 2451 737 2522 C
738 2453 772 2518 X
774 2453 807 2518 D
821 2451 888 2520 sibi
901 2451 1044 2520 invicem
1062 2465 1241 2522 occurrant
1260 2455 1273 2540 (
1279 2454 1335 2541 fip.
1353 2455 1433 2540 39.)

384 2560 421 2629 in
433 2559 547 2647 aliquo
561 2560 712 2648 ipsorum
726 2560 928 2631 intermedio
942 2573 1067 2648 puncto
1082 2563 1127 2642 X,
1143 2585 1212 2630 non
1226 2562 1274 2632 ibi
1287 2585 1324 2630 se
1337 2561 1389 2629 in-

418 2669 525 2739 vicem
541 2670 747 2758 continpent,
762 2673 823 2739 sed
837 2694 906 2738 uno
920 2673 1061 2739 alteram
1076 2670 1201 2740 ibidem
1216 2670 1350 2741 secabit.

408 2828 679 2897 Demonstratur.
734 2829 770 2897 Si
798 2829 888 2896 enim
916 2829 987 2897 fieri
1015 2841 1135 2916 potest,
1163 2842 1236 2898 tota
1263 2833 1362 2901 CXD
1390 2833 1437 2900 ad

338 2959 441 3004 unam
460 2939 668 3023 eandemque
689 2950 819 3024 partem
840 2939 944 3025 ipsius
964 2940 1027 3006 ΑΒ
1047 2941 1218 3009 consistat.
1263 2942 1438 3029 Jungatur

338 3045 410 3114 Ac.
463 3047 543 3114 Non
569 3047 632 3115 erit
658 3069 761 3133 porro
788 3048 851 3118 AC
877 3050 995 3117 eadem
1021 3072 1098 3117 cum
1125 3049 1197 3136 ipsa
1224 3051 1326 3118 veluti
1353 3073 1438 3118 com

337 3154 468 3223 tinuata
483 3155 582 3224 AXC
593 3179 600 3235 ;
613 3158 693 3242 quia
706 3168 876 3226 caeterum
897 3158 1034 3244 (contra
1049 3161 1252 3245 praecedens
1267 3161 1431 3246 Lemma)

338 3265 483 3332 duamm
503 3276 680 3344 rectarum,
700 3267 800 3334 unius
820 3267 928 3345 AXC,
949 3280 982 3335 et
1001 3269 1139 3337 alterius
1158 3271 1436 3356 praesuppositae

339 3374 447 3452 DXC,
475 3397 581 3442 unum
608 3375 763 3461 idemque
793 3377 884 3444 foret
911 3399 1089 3446 commune
1117 3389 1329 3466 segmentum
1356 3380 1433 3448 XC.

338 3482 457 3568 Itaque
471 3483 638 3571 jungatur
652 3486 719 3554 BC.
761 3486 841 3554 Non
856 3486 920 3555 erit
936 3509 1071 3555 rursum
1086 3489 1168 3556 haec
1183 3489 1243 3557 BC
1257 3489 1437 3557 continua·

337 3591 386 3660 tio
406 3592 512 3678 ipsius
533 3594 597 3660 BA
617 3616 723 3681 usque
744 3594 778 3661 in
799 3607 961 3681 punctum
983 3597 1029 3676 C;
1049 3620 1092 3665 ne
1113 3599 1200 3666 duae
1222 3609 1342 3677 rectae,
1363 3623 1435 3667 una

338 3701 447 3780 XAC,
465 3703 577 3788 portio
596 3703 700 3789 ipsius
719 3704 822 3783 Bne,
841 3716 875 3773 et
892 3705 998 3773 altera
1016 3706 1081 3775 XC
1098 3706 1245 3793 spatium
1262 3708 1434 3788 claudant,

336 3822 455 3879 eontra
469 3812 692 3898 praemissum
705 3814 847 3882 Lemma
861 3813 1018 3901 primurn.
1058 3813 1170 3902 Igitur
1183 3839 1223 3885 ea
1239 3817 1298 3886 BC
1312 3818 1365 3885 vel
1382 3839 1436 3886 se-
