3174 5050
528 1349 812 1418 PROOEMIUM
842 1349 909 1415 AD
937 1348 1214 1418 LECTOREM.

394 1560 532 1646 Quanta
549 1559 592 1627 sit
610 1560 866 1627 Elementorum
884 1559 1036 1628 Euclidis
1054 1559 1270 1644 praestantia,
1290 1580 1328 1624 ac
1346 1557 1419 1643 dig·

324 1669 422 1748 nitas,
449 1690 550 1738 nemo
575 1669 742 1747 omnium,
766 1669 823 1755 qui
851 1669 1112 1736 Mathematicas
1139 1667 1332 1752 disciplinas
1359 1689 1419 1734 no-

323 1779 444 1858 verint,
468 1778 627 1864 ignorare
648 1790 767 1865 potest.
814 1778 1033 1845 Lectissimos
1056 1780 1143 1845 hanc
1165 1778 1200 1843 in
1223 1799 1295 1844 rem
1316 1786 1418 1845 testes

323 1888 467 1957 adhibeo
485 1888 735 1967 Archimedem,
755 1888 986 1974 Apollonium,
1005 1887 1248 1966 Theodosium,
1267 1886 1418 1972 aliosque

323 2019 407 2084 pene
433 1998 639 2075 innumeros
668 1999 712 2065 ad
739 1999 820 2065 haec
847 2019 953 2082 usque
980 2008 1097 2064 nostra
1123 2007 1277 2081 tempora
1305 2017 1418 2064 rerum

324 2106 645 2175 Mathematicarum
666 2107 865 2191 Scriptores,
886 2107 942 2192 qui
962 2129 1030 2173 non
1050 2106 1147 2174 aliter
1165 2108 1248 2173 haec
1267 2105 1417 2173 Euclidis

323 2215 500 2284 Elementa
526 2227 700 2303 usurpant,
729 2216 793 2282 nisi
820 2227 857 2283 ut
884 2216 1050 2302 principia
1075 2216 1148 2301 jam
1174 2215 1232 2282 diu
1259 2214 1416 2293 stabilita,

322 2348 361 2394 ac
374 2326 507 2412 penitus
522 2325 730 2394 inconcussa.
770 2325 901 2393 Verum
914 2337 1009 2393 tanta
1023 2327 1105 2392 haec
1120 2323 1267 2392 nominis
1280 2323 1417 2392 celebri-

321 2447 374 2503 tas
393 2446 508 2502 vetare
526 2457 596 2501 non
615 2436 734 2521 potuit,
757 2436 838 2520 quin
858 2435 955 2502 multi
975 2459 1019 2501 ex
1040 2434 1200 2520 Antiquis
1220 2434 1356 2520 pariter,
1379 2456 1417 2501 ac

322 2544 588 2623 Recentioribus‚
615 2545 704 2630 iique
730 2545 850 2631 Magni
876 2546 1077 2613 Geometrae
1101 2565 1226 2611 naevos
1251 2545 1417 2630 quosdam

320 2677 342 2721 a
371 2675 407 2722 se
436 2655 663 2739 deprehensos
692 2653 883 2722 censuerint
913 2654 948 2720 in
977 2654 1029 2720 his
1060 2654 1141 2738 ipsis
1170 2652 1415 2739 pulcherrimis,

320 2785 547 2848 necunquam
564 2763 646 2831 satis
662 2762 808 2832 laudatis
826 2763 1020 2831 Elementis.
1063 2765 1149 2830 Tres
1166 2774 1280 2831 autem
1297 2762 1416 2848 hujus-

320 2872 414 2941 modi
429 2893 557 2940 naevos
571 2873 761 2960 designant,
779 2894 864 2959 quos
880 2873 995 2940 statim
1012 2874 1182 2941 subnecto

391 2981 527 3051 Primus
551 2981 685 3068 respicit
708 2981 940 3050 definitionem
963 2982 1210 3067 parallelorum,
1235 2993 1268 3051 et
1291 2983 1354 3050 sub
1376 3005 1415 3050 ea

320 3091 480 3170 Axioma‚
506 3092 597 3178 quod
621 3093 711 3177 apud
735 3091 892 3161 Clavium
915 3103 965 3159 est
989 3091 1297 3161 decimumtertium
1319 3092 1414 3160 Libri

320 3201 430 3286 primi,
445 3200 500 3269 ubi
516 3201 673 3269 Euclides
687 3201 735 3268 sic
748 3201 968 3287 pronunciat:
983 3203 1011 3269 S
1011 3201 1024 3267 i
1036 3202 1072 3268 in
1082 3203 1167 3268 duos
1180 3212 1289 3269 rectos
1298 3200 1414 3280 lineos,

319 3309 355 3376 in
379 3311 496 3378 eodem
521 3312 622 3396 plano
648 3310 832 3378 existentes
856 3321 948 3379 recto
971 3309 1124 3378 incidens
1147 3312 1237 3380 lineo
1260 3312 1347 3378 duos
1371 3312 1414 3379 od

284 3457 287 3466 ,
320 3421 454 3488 eosdem
482 3430 596 3505 portes
624 3419 777 3488 internos
804 3422 948 3506 aepulas
976 3420 1126 3489 minores
1154 3422 1287 3489 duobus
1314 3419 1415 3489 rectis

319 3551 395 3596 eum
414 3527 540 3596 eisdem
559 3529 690 3615 efficiat,
710 3531 797 3598 duae
814 3529 891 3598 illae
909 3541 1019 3598 rectae
1038 3530 1146 3598 lineae
1164 3532 1208 3598 od
1227 3554 1284 3598 eos
1301 3541 1414 3617 portes

318 3637 355 3704 in
377 3637 546 3725 infinitum
569 3650 761 3725 protractae
783 3639 873 3707 inter
894 3662 931 3708 se
952 3650 1071 3708 mutuo
1095 3638 1254 3708 incident.
1303 3641 1413 3708 Porro

318 3770 418 3817 nemo
444 3759 503 3827 est,
530 3749 587 3836 qui
613 3749 743 3817 dubitet
767 3751 809 3817 de
834 3750 976 3818 veritate
1002 3749 1147 3837 expositi
1175 3749 1414 3828 Pronunciati;

318 3859 378 3926 sed
400 3858 435 3925 in
456 3881 497 3927 eo
519 3859 616 3927 unice
639 3859 816 3927 Euclidem
838 3870 1007 3938 accusant,
1030 3861 1122 3946 quod
1145 3859 1282 3928 nomine
1305 3859 1413 3927 Axio-

317 3965 418 4035 matis
436 3989 517 4036 usus
537 3967 652 4046 fuerit,
671 3969 767 4054 quasi
786 3990 906 4054 nempe
924 3992 968 4036 ex
986 3969 1066 4036 solis
1084 3968 1238 4038 terminis
1257 3970 1320 4037 rite
1338 3991 1413 4056 per-

318 4077 439 4162 spectis
466 4077 529 4145 sibi
556 4077 618 4162 ipsi
649 4078 776 4146 faceret
804 4078 913 4146 fidem.
966 4078 1051 4148 Inde
1078 4090 1191 4146 autem
1218 4101 1287 4147 non
1315 4079 1411 4165 pauci

324 4187 473 4272 (retenta
493 4186 708 4272 caeteroquin
730 4187 914 4256 Euclidaea
935 4188 1172 4274 parallelarum
1193 4188 1407 4276 definitione)

858 4339 872 4375 4
