3174 5050
201 459 203 462 -
299 417 389 486 illius
407 416 731 487 demonstrationem
747 415 901 504 aggressi
918 426 997 486 sunt
1013 438 1059 485 ex
1075 415 1117 484 iis
1134 414 1216 483 solis
1234 409 1394 500 Proposi-

300 527 447 596 tionibus
472 526 568 596 Libri
591 524 693 614 primi
718 525 904 606 Euclidaei‚
930 547 1017 613 quae
1041 525 1248 624 praecedunt
1271 521 1395 611 vigesi-

298 657 391 705 mam
414 657 551 716 nonam,
576 637 621 704 ad
644 657 748 723 quam
771 635 897 705 scilicet
920 634 997 705 usui
1021 655 1095 704 esse
1118 633 1237 721 incipit
1259 643 1396 701 contro·

299 767 437 814 versum
456 745 733 814 Pronunciatrun.
758 741 804 810 [x]

370 855 439 925 Sed
457 876 610 937 rursum;
628 854 790 943 quoniam
808 855 1027 943 antiquorum
1045 854 1080 922 in
1098 857 1186 923 hanc
1204 875 1278 922 rem
1294 874 1395 922 cona·

299 977 354 1035 tus
377 964 442 1034 visi
464 987 535 1033 non
556 975 637 1034 sunt
658 965 868 1034 adamussim
891 986 1031 1052 scopum
1054 962 1239 1051 attingere;
1264 961 1395 1032 facturn

299 1074 426 1143 idcirco
444 1085 504 1153 est,
522 1085 561 1144 ut
577 1073 676 1143 multi
693 1073 944 1161 proximiorum
960 1085 1153 1161 temporum
1171 1071 1289 1142 eximii
1307 1073 1396 1144 Geo

299 1195 437 1264 metrae,
468 1184 559 1252 idem
586 1205 729 1270 pensum
757 1184 920 1272 aggressi,
950 1183 1176 1251 necessariam
1203 1181 1395 1251 censuerint

299 1315 424 1361 novam
441 1294 613 1379 quandam
628 1294 867 1380 parallelarum
883 1292 1122 1362 definitionem.
1165 1291 1302 1379 Itaque;
1318 1313 1395 1360 cum

300 1403 459 1471 Euclides
480 1402 658 1488 parallelas
681 1414 788 1471 rectas
810 1403 916 1470 lineas
939 1402 1087 1481 definiat,
1110 1401 1255 1489 quaein
1276 1402 1395 1469 eodem

298 1512 400 1597 plano
421 1511 613 1594 existentes,
633 1511 664 1579 si
682 1511 719 1579 in
737 1523 905 1598 utranque
922 1522 1054 1598 partem
1073 1511 1111 1579 in
1127 1511 1298 1599 infinitum
1317 1521 1395 1597 pro-

300 1622 477 1702 ducuntur,
503 1643 676 1707 nunquam
701 1621 790 1689 inter
814 1644 850 1690 se
874 1633 994 1690 mutuo
1018 1619 1190 1703 incidunt;
1215 1620 1395 1708 postremis

237 1809 242 1822 „
300 1730 474 1816 expositae
493 1730 699 1799 definitionis
717 1731 856 1800 vocibus
874 1733 935 1798 has
952 1731 1036 1799 alias
1054 1730 1280 1799 substituunt:
1298 1729 1395 1799 Sem·

299 1849 361 1924 per
375 1837 464 1906 inter
478 1862 516 1907 se
531 1839 776 1926 aequidistant;
792 1841 878 1908 adeo
895 1851 932 1908 ut
948 1862 1068 1927 nempe
1085 1839 1239 1927 singulae
1255 1860 1396 1926 perpen-

301 1948 466 2017 diculares
482 1950 525 2016 ab
539 1972 610 2017 uno
624 1949 773 2034 quolibet
788 1949 888 2018 unius
904 1949 1039 2018 illarum
1054 1960 1179 2035 puncto
1194 1950 1238 2017 ad
1254 1949 1395 2017 alteram

301 2058 467 2126 demissae
485 2059 641 2145 aequales
660 2059 748 2127 inter
767 2081 803 2128 se
821 2059 897 2127 sint.

369 2167 418 2235 At
435 2190 525 2236 nova
542 2189 679 2236 rursum
696 2168 774 2236 hinc
792 2169 902 2237 oritur
920 2169 1074 2237 scissura.
1120 2168 1211 2236 Nam
1229 2168 1343 2255 aliqui,
1363 2178 1395 2236 et

301 2277 324 2343 ii
346 2299 427 2344 sane
447 2277 625 2356 acutiores,
648 2279 881 2346 demonstrare
902 2290 1069 2347 conantur
1089 2277 1266 2364 parallelas
1288 2288 1396 2346 rectas

301 2386 406 2454 lineas
425 2397 526 2472 prout
544 2386 592 2453 sic
610 2387 776 2465 definitas,
796 2388 886 2455 unde
905 2387 1020 2474 utique
1039 2388 1185 2475 gradum
1205 2386 1334 2455 faciant
1352 2389 1396 2455 ad
1515 2461 1517 2466 ,

301 2496 604 2565 demonstrandum
628 2497 691 2564 sub
714 2497 797 2582 ipsis
821 2496 1013 2566 Euclidaeis
1037 2497 1176 2566 vocibus
1200 2508 1396 2566 controver-

301 2626 378 2674 sum
405 2606 682 2685 Pronunciatum,
711 2606 764 2674 cui
791 2606 953 2674 nimirum
979 2607 1022 2675 ab
1047 2628 1088 2676 ea
1114 2607 1280 2694 vigesima
1305 2628 1396 2674 nona

301 2714 396 2782 Libri
412 2715 512 2800 primi
530 2715 703 2784 Euclidaei
727 2716 897 2802 (pauculis
914 2715 1116 2802 quibusdam
1131 2716 1300 2804 exceptis)
1322 2715 1396 2785 uni·

301 2847 401 2892 versa
423 2825 579 2894 innititur
603 2825 806 2894 Geometria.
856 2825 926 2892 Alii
950 2848 1033 2894 vero
1062 2826 1151 2912 (non
1175 2826 1247 2894 sine
1269 2847 1396 2913 magno

301 2934 337 3000 in
353 2933 498 3021 rigidam
513 2934 676 3022 Logicam
691 2935 847 3021 peccato)
869 2957 926 3002 eas
940 2936 1024 3003 tales
1041 2946 1149 3003 rectas
1165 2935 1271 3004 lineas
1286 2935 1396 3021 paral-

301 3043 392 3122 lelas,
417 3044 579 3112 nimirum
602 3043 876 3130 aequidistantes,
901 3056 1079 3114 assumunt
1101 3056 1265 3132 tanquam
1288 3046 1394 3124 datas,

301 3164 339 3221 ut
358 3153 437 3221 inde
457 3154 602 3240 gradum
624 3153 752 3221 iaciant
772 3155 816 3222 ad
837 3153 966 3240 reliqua
986 3155 1260 3224 demonstranda

371 3263 417 3330 Et
437 3264 520 3330 haec
541 3263 677 3349 quidem
698 3263 780 3331 satis
801 3274 881 3332 sunt
901 3265 944 3331 ad
966 3265 1255 3350 praemonendum
1275 3264 1397 3333 Lecto·

302 3393 374 3440 rem
401 3394 502 3458 super
528 3371 580 3451 iis,
608 3394 693 3457 quae
719 3372 898 3440 materiam
925 3372 1131 3442 exhibebunt
1157 3374 1263 3443 Libro
1290 3373 1396 3461 priori

302 3481 406 3567 hujus
423 3482 490 3549 mei
509 3482 691 3566 Opusculi:
712 3482 803 3549 Nam
820 3481 957 3551 uberior
974 3483 1225 3568 praedictorum
1243 3484 1397 3553 omnium

302 3591 484 3676 explicatio
512 3591 688 3659 habebitur
717 3591 752 3658 in
783 3591 928 3660 Scholiis
957 3602 1033 3677 post
1063 3593 1164 3678 Prop.
1196 3592 1396 3681 vigesimam

301 3700 447 3787 primam
474 3700 643 3768 enunciati
671 3700 777 3780 Libri,
807 3723 907 3787 quem
935 3700 1086 3769 dividam
1114 3702 1150 3770 in
1178 3703 1263 3772 duas
1291 3703 1395 3771 veluti

302 3821 423 3896 partes.
472 3808 513 3876 In
536 3808 649 3895 priore
673 3808 831 3877 imitabor
854 3809 1062 3896 antiquiores
1085 3810 1161 3879 illos
1186 3813 1395 3892 Geometras,

302 3919 386 3987 nihil
416 3930 595 4005 propterea
624 3919 787 3987 sollicitus
816 3921 858 3988 de
888 3930 1020 3998 natura,
1052 3930 1112 3989 aut
1140 3922 1278 3991 nomine
1306 3921 1396 3991 illius

301 4029 419 4109 lineae,
448 4051 534 4116 quae
560 4029 716 4097 omnibus
744 4029 814 4096 suis
840 4029 973 4116 punctis
1000 4051 1021 4096 a
1047 4031 1196 4116 quadam
1222 4032 1397 4119 supposita

303 4149 395 4208 recta
409 4139 497 4207 linea
512 4137 731 4225 aequidistet:
750 4139 818 4208 Sed
833 4137 930 4208 unice
945 4138 980 4206 in
996 4138 1032 4207 id
1046 4138 1248 4221 incumbam
1265 4152 1304 4211 ut
1317 4162 1398 4210 con-

843 4275 857 4319 r
