3148 5054
320 460 490 529 minimus.
530 460 682 528 Rursum
695 481 777 527 vero
791 459 907 545 nequit
922 459 985 525 AL
999 481 1072 527 esse
1086 458 1297 526 continuatio
1311 459 1419 542 ipsius

321 570 408 650 AN;
424 570 503 657 quia
518 580 688 638 caeterum
705 571 739 636 in
755 569 985 654 quadrilatero
1002 569 1140 636 NDKL
1155 578 1302 653 quatuor
1316 567 1419 634 habe-

321 701 434 748 remus
462 679 605 767 angulos
634 690 753 757 rectos,
782 690 902 746 contra
928 678 1143 765 hypothesim
1171 676 1287 763 anguli
1316 677 1417 744 acuti.

322 790 391 858 Sed
413 810 521 875 neque
543 811 619 856 eam
643 789 712 856 DN
735 799 943 874 protractam
967 809 1079 855 secare
1103 798 1214 873 potest
1238 787 1273 854 in
1296 786 1419 872 quovis

321 899 481 967 ulteriore
502 909 627 984 puncto
650 899 704 978 H;
726 897 806 984 quia
826 897 971 983 angulus
993 897 1102 964 AHN
1130 896 1193 982 (ex
1217 896 1268 963 16.
1292 895 1414 982 primi)

323 1009 414 1076 foret
433 1019 562 1086 acutus,
582 1019 721 1094 propter
741 1007 953 1093 suppositum
974 1017 1103 1074 rectum
1122 1006 1286 1093 angulum
1306 1015 1419 1073 exter·

321 1139 403 1186 num
421 1116 545 1198 AND;
563 1139 602 1185 ac
619 1127 799 1203 propterea
816 1116 962 1202 angulus
981 1117 1085 1184 DHL
1105 1116 1196 1183 foret
1214 1114 1365 1192 obtusus
1386 1125 1420 1182 et

321 1226 369 1294 sic
393 1227 428 1292 in
451 1226 681 1311 quadrilatero
706 1227 846 1293 DHLK
869 1237 1015 1310 quatuor
1038 1224 1238 1292 haberemus
1262 1224 1418 1310 angulos,

321 1335 378 1422 qui
402 1336 502 1404 simul
527 1336 651 1421 sumpti
676 1335 827 1421 majores
854 1335 969 1402 forent
993 1345 1139 1419 quatuor
1164 1334 1273 1411 rectis,
1299 1344 1419 1400 contra

320 1445 529 1532 praedictam
555 1445 758 1532 hypothesin
785 1445 900 1530 anguli
927 1428 1026 1512 acuti.
1080 1443 1190 1530 Igitur
1216 1453 1350 1511 constat
1376 1443 1421 1510 ab

321 1578 361 1623 ea
378 1553 442 1621 AL
458 1555 564 1622 secari
582 1554 703 1622 debere
721 1554 883 1639 angulum
901 1553 1012 1632 ΒΑΝ,
1031 1554 1088 1638 qui
1106 1564 1285 1638 propterea
1302 1551 1420 1637 nequit

322 1664 387 1732 dici
417 1664 571 1732 omnium
599 1663 770 1740 minimus,
802 1662 864 1731 sub
893 1685 960 1748 quo
989 1664 1110 1730 educta
1139 1662 1209 1730 AN
1239 1683 1420 1730 commune

321 1774 443 1842 habeat
463 1795 541 1842 cum
561 1773 619 1840 illa
640 1773 704 1839 ΒΧ
726 1772 760 1839 in
781 1771 913 1841 duobus
935 1772 1102 1839 distinctis
1124 1771 1256 1856 punctis
1278 1793 1421 1857 perpen-

322 1883 471 1952 diculum
492 1883 572 1950 ND.
618 1882 722 1968 Quod
743 1892 816 1949 erat
837 1883 986 1948 secundo
1006 1881 1082 1948 loco
1104 1881 1409 1948 demonstrandum

322 1993 442 2078 Itaque
457 2002 590 2059 constat
605 2001 665 2058 etc.

720 2187 1017 2243 COROLLARIUM.

392 2315 476 2383 Inde
497 2327 610 2384 autem
631 2316 813 2384 observare
834 2316 919 2395 licet,
943 2318 1034 2402 quod
1057 2317 1119 2385 sub
1139 2317 1266 2404 angulo
1286 2317 1420 2384 minore

324 2424 419 2492 BAL
448 2425 619 2493 obtinetur
655 2426 709 2508 (in
739 2427 917 2514 hypothesi
949 2426 1063 2512 anguli
1095 2427 1203 2511 acuti)
1240 2448 1421 2494 commune

322 2535 389 2601 LK
416 2535 702 2621 perpendiculum,
732 2536 895 2603 remotius
923 2535 1059 2620 quidem
1087 2536 1131 2602 ab
1158 2535 1215 2604 illa
1242 2535 1313 2603 basi
1343 2535 1419 2614 AB,

322 2655 424 2731 prout
448 2655 581 2713 constat
605 2668 650 2712 ex
674 2645 748 2730 ipsa
772 2645 1032 2724 constructione,
1060 2647 1119 2712 sed
1146 2667 1282 2713 rursum
1306 2645 1420 2714 minus

322 2754 430 2822 altero
448 2754 611 2822 viciniore
630 2739 801 2822 communi
821 2754 1060 2839 perpendiculo
1079 2755 1159 2833 ND‚
1180 2756 1271 2840 quod
1290 2754 1422 2823 obtine-

323 2875 380 2932 tur
404 2863 467 2932 sub
492 2864 617 2950 angulo
642 2863 775 2950 majore
802 2863 911 2930 BAN.
963 2864 1065 2931 Ratio
1091 2864 1196 2949 huJ’us
1221 2864 1421 2950 posterioris

323 2983 383 3052 est,
407 2969 464 3035 [67]
486 2973 566 3059 quia
584 2973 618 3040 in
637 2973 866 3058 quadrilatero
884 2974 1012 3042 LKDS
1032 2973 1176 3059 angulus
1195 2975 1238 3040 ad
1257 2984 1421 3058 punctum

325 3083 349 3151 S
368 3093 485 3151 acutus
503 3094 554 3150 est
572 3083 606 3150 in
624 3083 795 3168 praedicta
813 3082 1001 3168 hypothesi,
1021 3105 1099 3150 cum
1116 3083 1235 3168 reliqui
1254 3095 1323 3151 tres
1343 3105 1421 3168 sup

324 3203 495 3277 ponantur
516 3192 607 3260 recti.
653 3193 769 3279 Quare
795 3192 858 3274 (ex
880 3193 957 3260 Cor.
982 3192 1007 3259 l.
1031 3204 1107 3278 post
1128 3194 1158 3260 3.
1181 3193 1305 3278 hujus)
1332 3194 1422 3260 latus

325 3303 390 3369 LK
404 3301 518 3370 minus
534 3302 598 3369 erit
614 3301 845 3387 contraposito
861 3302 965 3370 latere
984 3303 1053 3380 SD,
1072 3313 1104 3369 et
1122 3302 1168 3368 sic
1183 3303 1291 3370 multo
1307 3303 1422 3370 minus

323 3412 427 3479 latere
449 3411 528 3478 ND.
