3174 5050
331 456 553 526 decimanona
572 455 746 543 ejusdem)
771 453 835 524 erit
854 454 974 541 juncta
993 453 1063 521 DA
1080 451 1194 539 major
1213 447 1332 555 juncta
1352 449 1423 527 DS,

331 565 475 654 eiusque
489 565 663 653 supposita
677 564 808 652 aequali
823 564 943 651 juncta
958 563 1042 630 DM.
1071 563 1175 651 Quod
1189 572 1263 630 erat
1278 560 1426 638 secundo

331 677 407 746 loco
424 676 735 744 demonstrandum.
778 673 897 761 Itaque
914 682 1071 742 constant
1088 665 1336 760 propositam]

724 893 965 954 PROPOSITIO
984 893 1036 950 XI.

333 1036 441 1106 Recto
461 1038 528 1106 ΑΡ
557 1040 803 1127 (quantaelibet
825 1038 1067 1127 torpitudinis)
1096 1048 1187 1107 secet
1209 1039 1295 1107 duos
1317 1047 1427 1106 rectos

424 1147 496 1229 PL,
516 1147 585 1215 AD
611 1149 686 1236 (fio.
706 1149 760 1238 9.)
784 1148 933 1236 priorem
953 1147 1089 1237 quidem
1107 1150 1170 1217 sub
1190 1158 1282 1216 recto
1301 1148 1427 1234 empulo

425 1256 463 1325 in
475 1258 518 1340 P,
533 1259 756 1345 posteriorem
771 1282 853 1328 vero
869 1259 907 1327 iu
920 1260 952 1326 A
970 1260 1033 1327 sub
1049 1258 1171 1346 quovis
1186 1268 1286 1327 oeuto
1302 1258 1427 1343 onpuio

426 1379 652 1455 eonverpente
671 1371 715 1438 od
734 1380 849 1456 portes
868 1367 975 1455 ipsius
994 1369 1065 1436 PL.
1110 1366 1197 1436 Dico
1218 1377 1329 1435 rectos
1347 1367 1427 1448 AD,

425 1477 486 1544 PL
513 1477 569 1566 (iu
588 1479 768 1567 hypothesi
785 1479 903 1564 onpuii
922 1477 1023 1565 recti)
1049 1477 1086 1546 in
1105 1476 1218 1564 aliquo
1238 1486 1374 1563 purete,
1397 1487 1429 1544 et

426 1584 563 1674 quidem
583 1590 628 1656 od
646 1587 790 1675 finitam,
810 1610 872 1656 seu
891 1587 1106 1656 terminatam
1126 1585 1334 1667 distantiam,
1357 1596 1429 1654 tom

417 1696 505 1764 xdem
524 1695 683 1779 coituros,
701 1696 734 1766 si
749 1699 994 1784 protrahantur
1010 1718 1132 1765 versus
1148 1696 1225 1764 ilios
1241 1706 1366 1783 portes,
1386 1696 1429 1764 od

427 1827 512 1893 quos
527 1828 604 1875 eum
619 1807 775 1893 subjecto
788 1808 854 1874 ΑΡ
870 1809 958 1875 duos
973 1808 1118 1892 onpuios
1134 1804 1282 1892 efficiunt
1298 1806 1430 1874 duobus

427 1914 529 1983 rectis
545 1914 703 1985 minores.
873 1911 874 1914 ¹

406 2088 678 2159 Demonstratur.
729 2092 955 2159 Protrahatur
978 2090 1046 2158 DA
1069 2112 1187 2158 versus
1211 2091 1295 2159 alias
1318 2101 1431 2177 partes

337 2201 505 2285 usquead
526 2200 663 2286 aliquod
681 2212 843 2286 punctum
862 2200 907 2280 X,
928 2211 961 2269 et
980 2222 1040 2286 per
1059 2199 1094 2266 A
1111 2200 1263 2287 erigatur
1283 2200 1347 2287 ipsi
1367 2199 1431 2266 ΑΡ

337 2308 623 2394 perpendicularis
646 2309 758 2388 Hac,
780 2309 946 2377 existente
967 2321 1093 2395 puncto
1114 2311 1151 2377 H
1173 2310 1218 2378 ad
1238 2320 1352 2396 partes
1373 2331 1432 2378 an·

241 2497 243 2501 ¹
337 2417 408 2505 guli
432 2417 541 2486 XAP.
590 2420 680 2487 Turn
703 2420 738 2486 in
762 2419 830 2485 AD
853 2430 1025 2505 protracta
1049 2440 1167 2487 versus
1190 2431 1303 2505 partes
1327 2417 1432 2504 ipsius

338 2527 399 2594 PL
415 2539 594 2597 sumantur
610 2529 679 2596 duo
696 2529 849 2615 aequalia
866 2529 1044 2596 intervalla
1061 2528 1140 2608 AD,
1160 2528 1234 2608 DF,
1253 2527 1433 2597 demittan-

336 2646 460 2724 turque
479 2639 523 2706 ad
542 2637 732 2724 subjectam
752 2637 815 2706 ΑΡ
834 2637 1127 2725 perpendiculares
1147 2637 1222 2714 ΠΒ,
1243 2638 1325 2717 FM,
1346 2659 1432 2725 quae

338 2745 454 2833 utique
469 2747 600 2827 cadent,
617 2759 755 2835 propter
770 2747 1116 2834 decimamseptimam
1131 2745 1242 2832 primi,
1260 2747 1304 2815 ad
1320 2759 1432 2835 partes
