3184 5054
333 447 436 514 quarn
465 437 547 513 puto
576 425 729 494 omnium
759 424 1035 504 efficacissimam,
1065 446 1105 492 ac
1133 423 1428 511 simplicissimam,
1555 422 1560 430 '

333 546 450 622 utpote
470 557 557 622 quae
577 535 691 604 subest
710 535 892 614 communi,
917 534 1108 613 facillimae,
1130 532 1430 621 paratissimaeque

334 644 570 731 experientiae.
618 645 655 714 Si
676 644 822 712 enimin
843 643 979 722 circulo,
1001 643 1101 729 cujus
1121 653 1275 710 centrum
1297 642 1430 720 D,'tres

335 764 534 840 coaptentur
557 753 631 840 (fig.
651 753 726 839 22.)
750 764 859 821 rectae
876 753 985 821 lineae
1003 753 1072 830 CB,
1092 753 1162 829 BL,
1179 752 1255 830 LA,
1274 751 1430 837 aequales

335 862 487 950 singulae
513 863 610 931 radio
635 863 709 942 DC,
735 862 1028 949 comperiaturque
1053 861 1172 948 juncta
1196 860 1260 930 AC
1285 859 1430 928 transire

334 995 395 1059 per
410 983 564 1040 centrum
574 973 623 1055 D,
641 972 723 1040 satis
740 972 774 1039 id
791 970 855 1040 erit
871 973 915 1041 ad
932 973 1235 1040 demonstrandum
1252 969 1428 1038 intentum.

336 1082 428 1150 Nam
454 1081 580 1168 junctis
608 1083 683 1160 DB,
713 1082 787 1160 DL,
816 1081 882 1149 tria
911 1080 1107 1149 habebimus
1134 1079 1315 1166 triangula,
1344 1101 1430 1166 quac

341 1191 404 1278 (ex
420 1190 451 1258 8.
470 1202 504 1259 et
521 1189 550 1260 5.
569 1191 690 1277 primi)
712 1201 786 1259 turn
802 1190 891 1258 inter
906 1212 942 1257 se
959 1189 1114 1268 invicem,
1132 1200 1206 1258 tum
1222 1189 1325 1258 etiam
1342 1188 1377 1256 in
1395 1209 1430 1255 se

335 1301 417 1387 ipsis
446 1299 579 1387 singula
608 1310 707 1368 erunt
736 1299 970 1386 aequiangula.
1025 1298 1199 1386 Quoniam
1228 1297 1333 1385 igitur
1361 1309 1430 1365 tres

335 1410 435 1478 simul
454 1408 570 1497 anguli
589 1410 633 1478 ad
651 1420 813 1494 punctum
833 1410 877 1486 D,
896 1408 1058 1477 nimirum
1077 1407 1187 1487 ADL,
1207 1408 1314 1487 LDB,
1336 1406 1430 1475 BDC

334 1518 491 1606 aequales
507 1529 586 1588 sunt
607 1519 670 1606 (ex
688 1518 739 1586 13.
757 1517 876 1606 primi)
898 1517 1030 1586 duobus
1047 1517 1147 1586 rectis
1156 1541 1164 1598 ;
1181 1517 1312 1586 duobus
1329 1516 1430 1584 etiarn

336 1628 436 1696 rectis
459 1629 615 1714 aequales
638 1638 737 1695 crunt
760 1639 829 1696 tres
853 1627 953 1695 simul
977 1626 1092 1714 anguli
1117 1626 1270 1713 cujusvis
1294 1626 1429 1694 illorum

335 1737 594 1826 triangulorum,
621 1748 659 1805 ut
685 1747 766 1824 puta
792 1736 953 1824 trianguli
981 1737 1084 1805 BDC.
1136 1736 1253 1823 Quare
1284 1736 1348 1823 (ex
1375 1734 1427 1803 15.

335 1846 459 1933 hujus)
480 1846 628 1916 stabilita
643 1846 722 1914 hinc
736 1846 801 1914 erit
816 1846 1012 1933 hypothesis
1028 1845 1143 1933 anguli
1160 1845 1260 1927 recti;
1276 1869 1315 1914 ac
1330 1867 1430 1932 prop-

335 1968 427 2025 terea
458 1955 522 2042 (ex
546 1955 619 2042 jam
643 1966 725 2023 nota
751 1955 804 2024 13.
831 1954 955 2041 hujus)
986 1957 1256 2024 demonstratum
1281 1954 1429 2024 manebit

336 2064 418 2135 illud
439 2064 716 2134 Pronunciatum.

406 2174 467 2244 Sin
490 2196 582 2253 veru,
606 2184 684 2242 ante
706 2195 842 2242 omnem
865 2185 1065 2242 attentatam
1088 2197 1147 2242 seu
1170 2175 1431 2243 demonstratio·

335 2305 423 2362 nem,
447 2305 507 2352 seu
531 2283 708 2370 figuralem
730 2283 984 2362 exhibitionem,
1009 2284 1168 2352 conferre
1191 2284 1279 2352 inter
1302 2307 1338 2352 se
1361 2285 1430 2371 pla-

335 2403 408 2460 ceat
427 2394 496 2462 duo
514 2392 571 2460 illa
590 2392 829 2472 Pronunciata‚
852 2393 965 2460 fateor
983 2415 1063 2461 sane
1081 2393 1304 2462 Euclidaeum
1322 2393 1429 2462 videri

336 2523 434 2588 posse
456 2502 642 2581 obscurius,
666 2503 849 2570 autetiam
873 2501 1016 2570 falsitati
1039 2503 1235 2572 obnoxium.
1284 2503 1332 2571 At
1354 2513 1431 2589 post

213 2609 216 2619 '
336 2611 513 2698 figuralem
527 2610 780 2690 exhibitionem,
796 2634 899 2698 quarn
916 2611 1053 2681 Scholio
1067 2611 1130 2680 IV.
1147 2614 1364 2699 consequenti
1380 2635 1431 2680 re-

336 2743 445 2800 serv0,
471 2720 638 2789 constabit
663 2720 835 2789 viceversa
861 2721 1130 2789 Pronunciatum
1155 2721 1292 2807 quidem
1318 2723 1431 2790 Eucli-

336 2831 458 2898 daeum
479 2829 623 2898 retinere
643 2852 741 2917 posse
762 2830 973 2917 dignitatem,
994 2853 1033 2898 ac
1053 2853 1177 2899 nomen
1199 2831 1429 2909 Pronunciati,

335 2938 480 3008 alterum
499 2962 582 3007 vero
603 2939 691 3007 inter
712 2940 940 3008 Theoremata
960 2939 1149 3026 computari
1170 2941 1277 3010 tutius
1299 2941 1428 3010 debere.

407 3049 475 3118 Sed
495 3048 549 3116 hic
568 3048 737 3134 explicare
757 3049 864 3117 debeo
889 3049 1009 3136 (prout
1028 3050 1129 3136 paulo
1149 3061 1226 3118 ante
1246 3072 1301 3118 me
1322 3051 1431 3119 factu·

337 3180 423 3226 rum-
438 3158 624 3244 spopondi)
653 3157 874 3226 manifestam
898 3157 965 3226 isto
991 3158 1025 3225 in
1049 3181 1173 3247 genere
1198 3160 1430 3245 disparitatem

336 3267 424 3334 inter
451 3267 575 3334 lineam
602 3265 810 3345 circularem,
834 3278 872 3356 ¹et
899 3266 1022 3335 lineam
1051 3279 1185 3336 rectam.
1239 3268 1430 3356 Disparitas

336 3386 449 3444 autern
465 3398 565 3444 exeo
581 3375 690 3444 oritur
699 3399 707 3456 ;
723 3377 815 3461 quod
832 3387 923 3445 recta
938 3376 1074 3462 quidem
1091 3377 1180 3447 linea
1196 3371 1320 3447 dicitur
1335 3380 1379 3447 ad
1395 3401 1431 3446 se

336 3484 444 3571 ipsam
453 3508 461 3565 ;
478 3484 652 3553 circularis
661 3506 753 3564 ver0,
764 3496 801 3553 ut
820 3496 900 3571 puta
916 3485 990 3572 (fig.
1002 3485 1078 3571 23¹.)
1094 3487 1298 3567 MDHNM,
1309 3509 1378 3556 non
1388 3490 1431 3557 ad
