3148 5054
301 462 368 534 alia
392 463 523 532 ratione
546 481 747 534 conservare
771 481 870 548 posse
895 481 992 530 suam
1016 459 1109 529 illam
1132 459 1399 548 qualemcunque

300 573 600 651 continuationem,
611 573 693 641 dum
707 571 863 658 ejusdem
872 570 984 656 portio
994 571 1059 638 XB
1075 570 1275 658 intelligitur
1288 582 1401 639 trans-

304 683 388 752 ferri
404 705 464 769 per
478 704 577 762 nova,
594 693 628 750 et
642 702 733 750 nova
747 681 821 749 loca
836 702 942 766 usque
958 682 1002 749 ad
1017 681 1275 768 congruendum
1290 679 1325 748 in
1341 681 1401 748 illo

301 793 451 880 quodam
470 793 571 878 plano
590 791 653 877 ipsi
674 791 748 869 XC,
768 791 968 876 persistente
987 789 1123 858 interim
1142 790 1178 857 in
1196 791 1316 859 eodem
1336 811 1400 859 suo

301 902 377 970 loco
398 901 554 988 portione
576 900 662 982 ΑΧ;
683 921 752 968 non
774 921 882 985 posse,
906 899 1055 985 inquam,
1077 920 1280 967 conservare
1301 921 1400 968 suarn

302 1011 395 1078 illam
413 1011 679 1097 qualemcunque
697 1009 996 1087 continuationem,
1017 1009 1081 1076 nisi
1101 1020 1267 1095 quatenus
1286 1008 1400 1096 portio

302 1121 375 1206 ipsa
389 1119 454 1187 XB
470 1118 678 1207 intelligatur
692 1120 883 1196 ascendere,
900 1128 959 1186 aut
974 1117 1177 1185 descendere
1192 1119 1236 1185 ad
1251 1117 1400 1185 existen-

302 1231 384 1298 dum
400 1251 478 1298 curn
493 1227 551 1297 illa
567 1228 709 1296 immota
724 1228 792 1294 AX
811 1227 970 1306 innovis,
989 1237 1023 1295 et
1039 1226 1137 1294 novis
1154 1227 1273 1313 planis,
1292 1249 1400 1313 usque

301 1340 384 1406 dum
398 1340 514 1406 redeat
527 1339 571 1406 ad
585 1338 763 1424 antiquum
777 1337 925 1424 planum,
941 1357 1132 1423 congruens
1147 1336 1191 1404 ibi
1207 1337 1400 1422 praedictae

302 1443 441 1517 xcrm

371 1555 412 1626 Id
430 1556 521 1626 enirn
538 1556 667 1626 censeri
685 1567 796 1642 potest
815 1556 888 1642 jam
906 1557 1176 1624 demonstratum
1186 1578 1194 1636 ;
1212 1555 1292 1641 quia
1310 1556 1400 1623 scili-

301 1678 354 1736 cet
373 1666 466 1736 nulla
486 1666 553 1736 alia
572 1667 608 1734 in
627 1667 747 1734 eodem
768 1665 826 1734 illo
847 1666 949 1752 plano
970 1665 1109 1752 reperiri
1131 1675 1242 1751 potest
1262 1665 1398 1751 positio,

301 1777 402 1864 juxta
423 1799 526 1864 quarn
547 1775 620 1863 ipsa
642 1775 741 1843 AXB
770 1775 988 1861 (persistente
1010 1775 1166 1860 portione
1187 1774 1256 1842 AX
1278 1775 1313 1842 in
1335 1796 1399 1842 suo

301 1887 421 1954 eodem
443 1886 537 1972 loco)
565 1896 742 1954 conservet
765 1907 862 1952 suam
886 1885 978 1952 illam
1002 1884 1268 1971 qualemcunque
1291 1884 1399 1952 conti-

301 1996 507 2075 nuationem,
537 2007 773 2082 praeterquam
801 1995 856 2062 ubi
886 1995 1042 2062 deveniat
1070 1995 1114 2061 ad
1142 1995 1399 2081 congruendum

301 2105 492 2192 praedictae
511 2104 619 2173 AXC.

372 2213 459 2283 Dico
474 2224 614 2301 quarto:
631 2213 801 2301 designari
817 2235 917 2300 posse
932 2213 967 2280 in
982 2234 1023 2281 eo
1039 2236 1120 2281 arcu
1137 2213 1197 2283 BC
1212 2213 1279 2281 tale
1295 2236 1400 2300 punc-

301 2335 375 2394 tum
399 2323 442 2402 D,
467 2324 512 2391 ad
536 2324 628 2409 quod
654 2322 680 2389 si
706 2323 873 2410 jungatur
897 2321 976 2401 XD,
1003 2322 1076 2408 jam
1100 2323 1174 2408 ipsa
1199 2322 1303 2389 AXD
1327 2344 1399 2390 non

300 2433 405 2501 modo
425 2443 516 2502 recta
535 2432 624 2500 linea
644 2433 697 2511 sit,
718 2434 777 2500 sed
799 2453 935 2500 rursum
956 2432 1002 2499 ita
1023 2454 1059 2500 se
1079 2431 1210 2510 habeat,
1233 2443 1270 2500 ut
1291 2432 1399 2500 conti-

301 2541 419 2611 nuatio
442 2541 557 2619 AXD‚
581 2541 794 2610 considerata
817 2563 936 2609 versus
959 2542 1100 2619 laevam,
1126 2541 1275 2627 aequalis
1298 2542 1399 2628 plane
1435 2554 1438 2561 '

301 2650 355 2731 sit,
382 2663 441 2720 aut
466 2650 585 2718 similis
612 2651 722 2718 eidem
747 2650 993 2718 continuationi
1020 2649 1252 2718 consideratae
1278 2672 1399 2719 versus

301 2762 486 2830 dexteram.

371 2870 643 2939 Demonstratur.
693 2870 739 2938 Et
762 2870 856 2956 prior
879 2868 1016 2955 quidem
1039 2891 1117 2955 pars
1147 2870 1399 2956 (qualecunque

301 2980 345 3049 sit
368 2979 451 3048 illud
474 2990 636 3067 punctum
660 2981 693 3047 D
717 2979 751 3045 in
776 3001 857 3046 arcu
881 2979 941 3048 BC
965 2978 1198 3066 designatum)
1229 3001 1270 3047 eo
1293 2980 1399 3048 modo

300 3089 501 3178 ostenditur,
518 3111 586 3175 quo
602 3111 704 3175 supra
720 3088 772 3156 usi
788 3109 905 3156 sumus
921 3087 1010 3156 circa
1024 3087 1257 3156 continuatam
1273 3088 1395 3157 AXM.

302 3198 477 3267 Posterior
497 3220 580 3267 vero
599 3220 678 3284 pars
698 3198 746 3266 ita
766 3196 940 3266 evincitur.
988 3198 1080 3265 Nam
1100 3197 1155 3266 hic
1176 3198 1398 3284 supponimus

301 3309 386 3377 duas
408 3319 516 3376 rectas
537 3307 647 3387 AXB,
671 3307 780 3386 Axe,
803 3307 866 3374 sub
886 3308 1007 3375 eodem
1027 3307 1198 3375 communi
1222 3319 1399 3394 segmento

301 3417 379 3486 ΑΧ.
422 3419 603 3486 Praeterea
619 3417 840 3503 supponimus
856 3415 1145 3484 continuationem
1163 3416 1261 3483 AXB
1278 3439 1398 3485 versus

300 3527 433 3596 laevam
449 3549 518 3594 non
533 3547 607 3595 esse
623 3525 762 3595 omnino
779 3525 932 3604 similem,
951 3536 1010 3594 aut
1026 3526 1200 3611 aequalem
1217 3525 1398 3594 eidemmet

300 3636 545 3705 continuationi
574 3658 693 3704 versus
720 3637 914 3715 dexteram;
954 3636 1034 3720 quia
1062 3646 1172 3703 stante
1200 3636 1398 3704 omnimoda

300 3746 471 3832 ejusmodi
498 3745 727 3824 similitudine,
755 3756 814 3813 aut
840 3744 1050 3831 aequalitate,
1081 3744 1180 3812 facile
1206 3745 1398 3815 ostenditur

292 3855 383 3950 nulli
398 3855 493 3924 alteri
510 3865 620 3924 rectae
632 3853 741 3922 lineae
755 3876 933 3923 commune
947 3876 1019 3922 esse
1034 3876 1131 3941 posse
1146 3854 1230 3923 illud
1244 3875 1398 3942 segmen-

300 3976 374 4034 tum
394 3964 473 4043 AX,
495 3974 596 4051 prout
615 3986 735 4049 nempe
756 3963 803 4032 sic
823 3963 1129 4031 demonstrabimus
1151 3965 1193 4032 de
1213 3963 1270 4031 illa
1290 3964 1398 4032 conti-

301 4085 405 4143 nuata
429 4075 543 4143 AXD.
594 4074 750 4144 Tandem
775 4085 1018 4159 consequenter
1044 4073 1265 4159 supponimus
1290 4073 1399 4143 conti-

301 4195 441 4252 nuatarn
463 4183 557 4252 illam
580 4184 679 4252 AXB
703 4183 751 4251 ita
773 4182 878 4250 locari
902 4203 1000 4268 posse
1023 4181 1057 4250 in
1081 4183 1201 4251 eodem
1224 4180 1335 4269 plano,
1360 4193 1396 4252 ut

827 4321 868 4364 18⁶
