3184 5054
322 493 453 562 duobus
472 493 588 574 rectis;
606 504 664 561 aut
682 504 926 580 consequenter
949 493 1012 580 (ex
1031 493 1083 561 13.
1103 503 1136 561 et
1154 491 1207 561 15.
1227 490 1347 578 primi)
1370 491 1417 558 al-

322 615 436 671 ternos
453 603 523 670 sive
540 613 709 682 externos,
727 603 797 670 sive
813 603 965 670 internos
981 602 1124 690 angulos
1140 603 1229 669 inter
1244 623 1280 668 se
1296 622 1418 687 aequa-

321 714 369 780 les
379 735 387 792 ;
403 723 462 780 aut
480 734 625 790 rursum,
643 712 889 791 eodemtitu10,
907 723 1087 780 externum
1110 712 1168 797 (ut
1184 721 1266 797 puta
1284 710 1412 796 DHX)
1479 765 1482 770 .

322 821 496 908 aequalem
515 822 659 900 intern0,
679 833 713 888 et
732 821 888 907 opposito
908 822 1030 888 HFX:
1050 822 1151 906 quod,
1172 820 1321 906 inquam,
1341 820 1418 886 illae

323 932 409 999 duae
432 942 542 998 rectae
565 953 673 1016 neque
695 933 739 999 ad
763 930 930 998 infinitam
953 931 1137 998 earundem
1160 929 1418 1015 productionem

322 1041 412 1107 coire
427 1040 515 1107 inter
528 1061 563 1107 se
576 1041 716 1125 possint.
747 1040 783 1109 Si
798 1041 888 1107 enim
903 1064 946 1107 ex
961 1039 1109 1126 quolibet
1123 1051 1248 1125 puncto
1264 1039 1298 1106 N
1313 1039 1418 1125 ipsius

266 1225 269 1236 Ι
323 1148 391 1215 AX
413 1150 612 1217 demittatur
631 1150 675 1217 ad
698 1149 762 1215 ΒΧ
783 1149 1070 1235 perpendicularis
1093 1149 1171 1227 NR,
1193 1149 1258 1216 erit
1279 1149 1362 1216 haec
1383 1147 1418 1213 in

323 1259 396 1344 ipsa
409 1259 587 1345 hypothesi
604 1258 719 1345 anguli
736 1258 824 1325 acuti
847 1259 952 1344 (quae
969 1258 1084 1343 utique
1100 1258 1172 1324 sola
1188 1258 1306 1324 obesse
1321 1257 1418 1324 nobis

322 1367 454 1454 posset)
473 1368 588 1453 major
607 1368 671 1454 (ex
685 1368 762 1437 Cor.
780 1367 806 1434 Ι.
822 1379 898 1453 post
913 1367 942 1435 3.
959 1367 1083 1454 hujus)
1103 1389 1144 1435 eo
1158 1367 1329 1434 communi
1344 1388 1419 1453 per·

322 1477 500 1563 pendiculo
517 1478 591 1544 KL.
634 1477 715 1544 Non
730 1477 835 1564 igitur
851 1477 927 1544 illae
944 1479 1030 1544 duae
1048 1476 1126 1554 AX,
1145 1477 1220 1554 ΒΧ,
1238 1475 1418 1542 convenire

323 1607 472 1673 unquam
490 1586 579 1654 inter
596 1608 631 1653 se
648 1597 816 1673 poterunt.

392 1697 504 1764 Porro
522 1705 636 1764 autem
656 1697 904 1763 demonstratas
925 1695 1003 1763 hinc
1022 1695 1125 1763 habes
1146 1697 1287 1782 Propos.
1309 1694 1364 1763 27.
1386 1705 1419 1762 et

321 1804 376 1873 28.
394 1804 489 1872 Libri
505 1805 606 1892 primi
624 1804 776 1873 Euclidis
785 1828 794 1886 ;
810 1816 843 1872 ct
859 1806 996 1891 quidem
1012 1805 1097 1872 citra
1114 1804 1345 1888 immediatam
1362 1806 1419 1872 de-

321 1914 538 2001 pendentiarn
562 1937 583 1983 a
605 1915 882 2000 praecedentibus
911 1914 961 1982 16.
988 1926 1021 1982 et
1048 1913 1099 1982 17.
1125 1913 1281 2001 ejusdem
1306 1913 1417 1999 primi,

322 2019 493 2090 cir-[ulca
501 2045 585 2110 quas
601 2023 684 2092 oriri
694 2034 807 2108 posset
817 2023 1006 2102 difficultas,
1017 2023 1148 2109 quoties
1164 2024 1227 2092 sub
1241 2023 1313 2091 basi
1324 2023 1418 2090 finita

323 2132 591 2200 infinitilaterum
608 2145 695 2201 esset
711 2133 921 2220 triangulum
930 2156 938 2214 ;
955 2135 1000 2201 ad
1015 2135 1114 2219 quale
1130 2154 1250 2219 nempe
1266 2132 1419 2220 triangu-

322 2243 393 2310 lum
414 2264 600 2328 provocare
622 2265 691 2310 non
714 2243 893 2322 dubitaret,
917 2243 973 2328 qui
996 2265 1053 2310 eas
1076 2245 1160 2311 duas
1183 2243 1262 2321 AX,
1287 2242 1351 2309 ΒΧ
1374 2243 1418 2310 ad

323 2351 490 2419 infinitam
520 2352 639 2419 saltem
669 2352 866 2420 distantiam
896 2353 983 2419 inter
1013 2374 1049 2420 se
1078 2353 1226 2420 coituras
1256 2362 1417 2428 censeret,

251 2503 255 2513 ·
323 2461 478 2547 quamvis
494 2461 609 2548 anguli
626 2462 669 2529 ad
686 2461 890 2529 incidentem
907 2462 1041 2529 PFHD
1057 2462 1140 2529 tales
1160 2461 1284 2539 forent,
1303 2462 1418 2547 quales

322 2569 570 2668 supposuimus.

393 2680 583 2760 Praeterea,
611 2691 749 2767 propter
776 2682 1047 2750 demonstratum
1073 2702 1252 2749 commune
1278 2703 1419 2767 perpen-

323 2789 471 2857 diculum
490 2790 565 2868 KL,
585 2789 762 2875 nequirent
780 2811 860 2857 sane
877 2790 955 2857 illae
972 2791 1059 2858 duae
1077 2790 1157 2868 KX,
1175 2790 1241 2855 LX
1260 2792 1304 2858 ad
1322 2811 1418 2858 suam

322 2909 453 2985 partem
476 2891 679 2986 punctorum
703 2899 736 2965 X
760 2899 861 2967 simul
884 2921 1095 2978 concurrere,
1119 2899 1327 2985 quinetiam
1356 2899 1420 2986 (ex

324 3007 417 3075 facili
435 3007 607 3084 intellecta
626 3008 913 3094 superpositione)
940 3010 984 3076 ad
1004 3009 1145 3076 alteram
1166 3009 1269 3076 etiam
1288 3019 1419 3094 partem

323 3116 422 3184 simul
450 3128 690 3184 concurrerent
717 3117 865 3202 reliquae
892 3128 926 3185 et
952 3117 1045 3202 ipsae
1072 3117 1310 3186 interminatae
1338 3117 1419 3195 KA,

322 3226 391 3293 LB.
444 3227 559 3313 Quare
586 3227 673 3294 duae
699 3236 809 3293 rectae
835 3225 914 3304 AX,
943 3227 1007 3292 ΒΧ
1033 3226 1228 3295 clauderent
1255 3226 1419 3314 spatium;

322 3337 414 3421 quod
433 3345 484 3403 est
502 3346 622 3403 contra
640 3346 798 3402 naturam
818 3335 925 3402 lineae
946 3346 1065 3402 rectae.

393 3445 461 3512 Sed
475 3445 558 3512 haec
571 3444 760 3531 posteriora
775 3456 862 3512 sunt.
893 3444 985 3511 Nam
998 3445 1034 3511 in
1048 3445 1324 3530 praecedentibus
1339 3467 1419 3514 nus-

323 3575 425 3640 quam
444 3553 581 3622 adhibui
601 3564 659 3622 aut
681 3553 731 3621 16.
752 3564 811 3621 aut
833 3551 882 3620 17.
903 3552 1014 3640 primi,
1035 3553 1099 3620 nisi
1120 3553 1175 3622 ubi
1195 3554 1284 3622 clare
1304 3577 1419 3642 agere-

323 3673 379 3731 tur
392 3665 434 3731 de
447 3661 619 3749 triangulo
633 3664 725 3730 omni
740 3673 892 3748 exparte
905 3662 1169 3749 circumscripto,
1185 3674 1286 3749 prout
1299 3687 1420 3751 nempe

324 3772 359 3839 in
377 3772 536 3840 Proemio
553 3773 596 3840 ad
613 3772 793 3840 Lectorem
809 3773 856 3839 ita
872 3794 927 3839 me
944 3782 1142 3839 curaturum
1159 3775 1417 3859 spoponderam.
