3148 5054
359 483 456 540 secet.
486 469 597 560 Igitur
612 469 829 540 infinitesima
846 469 890 550 K,
907 482 1062 558 spectans
1077 471 1122 540 ad
1136 491 1287 548 curvam,
1304 467 1460 557 aequalis

358 582 499 650 omnino
512 581 577 650 erit
591 579 828 650 infinitesimae
844 582 879 648 K
893 581 1056 668 spectanti
1071 582 1116 648 ad
1129 590 1334 668 tangentem.
1365 579 1461 648 Con·

359 702 427 760 stat
441 701 555 760 autem
570 689 823 759 infinitesimam
839 691 874 760 K
888 701 1095 778 spectantem
1110 689 1156 758 ad
1169 699 1377 777 tangentem,
1395 709 1461 756 nec

358 799 538 887 majorem,
555 821 616 868 nec
632 799 809 878 minorem,
827 801 887 868 sed
903 799 1044 868 omnino
1061 799 1236 886 aequalem
1252 819 1326 866 esse
1342 796 1461 866 infini-
1555 879 1556 882 Ἴ

358 908 499 978 tesimae
518 911 557 976 M
577 909 739 996 spectanti
759 910 804 976 ad
822 907 930 977 basim
949 908 1031 990 AB;
1049 909 1130 994 quia
1147 929 1268 994 nempe
1286 918 1381 975 recta
1399 907 1461 973 illa

360 1019 436 1086 MK
459 1017 599 1106 intelligi
621 1029 732 1105 potest
753 1017 922 1104 descripta
942 1041 987 1086 ex
1007 1019 1104 1086 fluxu
1126 1038 1258 1103 semper
1278 1039 1324 1085 ex
1345 1037 1461 1102 aequo

358 1127 514 1214 ejusdem
529 1129 642 1214 puncti
662 1129 700 1195 M
718 1149 824 1214 usque
839 1129 884 1195 ad
899 1149 975 1195 eam
991 1127 1221 1196 summitatem
1238 1127 1281 1193 K.

428 1235 545 1324 Quare
573 1237 693 1323 (juxta
715 1237 938 1322 praemissum
962 1237 1119 1321 axioma)
1146 1257 1251 1304 curva
1275 1236 1388 1314 CKD,
1412 1259 1460 1302 ex

358 1346 535 1433 hypothesi
550 1347 665 1433 anguli
681 1347 770 1414 acuti
785 1367 956 1424 enascens,
971 1346 1121 1432 aequalis
1136 1366 1209 1413 csse
1224 1346 1360 1413 deberet
1376 1365 1461 1413 con·

358 1455 542 1540 trapositae
561 1456 632 1522 basi
653 1455 725 1522 AB.
771 1455 875 1541 Quod
894 1467 967 1522 erat
986 1457 1298 1522 demonstrandum.

661 1713 665 1720 .
782 1667 984 1726 SCHOLION
1007 1669 1027 1724 1.

429 1807 498 1878 Sed
520 1807 610 1875 iorte
629 1806 741 1874 minus
761 1807 900 1875 evidens
919 1807 1066 1893 cuipiam
1086 1807 1255 1876 videbitur
1274 1808 1459 1876 enunciata

358 1916 574 1985 exactissima
596 1916 782 2002 aequalitas
806 1916 893 1984 inter
917 1916 991 1984 illas
1015 1915 1249 1985 infinitesimas
1274 1917 1324 1994 M,
1349 1929 1384 1984 et
1409 1917 1455 1982 K.
1555 1965 1556 1994 ;

358 2025 474 2113 Quare
497 2028 542 2095 ad
565 2026 786 2094 avertendum
811 2027 900 2093 hunc
924 2026 1119 2111 scrupulum
1143 2026 1191 2093 sic
1215 2047 1351 2094 rursum
1376 2047 1459 2111 pro-

357 2136 449 2204 cedo.
496 2135 642 2204 Cuidam
663 2147 773 2202 rectae
794 2135 857 2202 AB
879 2135 1036 2202 insistant
1056 2137 1100 2202 ad
1122 2145 1231 2202 rectos
1252 2135 1397 2221 angulos
1420 2135 1458 2201 in
1554 2175 1556 2204 r

1554 2205 1556 2298 l

357 2246 478 2313 eodem
501 2245 603 2330 plano
634 2243 709 2330 (fig.
737 2244 813 2328 48.)
844 2244 930 2312 duae
957 2255 1067 2312 rectae
1092 2244 1249 2330 aequales
1275 2243 1348 2322 Ac,
1377 2243 1456 2311 BD.

360 2353 510 2422 Rursum
542 2353 576 2420 in
608 2355 727 2420 eodem
758 2353 861 2438 plano
891 2353 1099 2439 intelligatur
1130 2353 1276 2422 existere
1306 2353 1457 2421 circulus

358 2463 502 2542 BLDH,
529 2462 629 2549 cujus
655 2462 820 2530 diameter
847 2462 928 2544 BD;
955 2462 1064 2548 sitque
1091 2462 1458 2531 semicircumierentia

357 2572 452 2639 BLD
476 2567 707 2659 aequa-[⁹³llis
731 2571 922 2657 praedictae
945 2571 1018 2638 AB.
1069 2572 1250 2640 Praeterea
1274 2572 1365 2640 idem
1388 2573 1457 2639 cir·

356 2683 451 2750 culus
475 2682 521 2750 ita
543 2681 578 2749 in
601 2703 643 2749 eo
664 2682 766 2767 plano
789 2681 917 2748 revolvi
941 2681 1151 2767 concipiatur
1174 2703 1274 2768 super
1297 2705 1337 2750 ea
1361 2693 1456 2750 recta
1554 2703 1555 2708 ¹

356 2792 431 2870 AB,
452 2803 489 2861 ut
508 2802 604 2859 motu
625 2812 756 2877 semper
776 2790 947 2869 continuo,
968 2801 1002 2859 et
1022 2789 1187 2877 aequabili
1208 2790 1370 2877 perficiat,
1393 2814 1457 2860 seu

356 2900 523 2970 describat
550 2922 630 2969 suae
657 2899 762 2986 ipsius
789 2899 1169 2969 semicircumierentiae
1195 2901 1328 2987 punctis
1355 2922 1457 2987 prae·
1553 2977 1554 2982 ἵ

356 3011 481 3078 dietam
499 3010 580 3090 BA;
611 3030 787 3097 quousque
803 3030 923 3096 nempe
939 3021 1101 3096 punctum
1119 3011 1162 3088 D,
1181 3011 1225 3078 ad
1242 3010 1335 3078 illam
1352 3012 1457 3078 semi·
1553 3055 1554 3062 κ

1553 2841 1555 2941 ⁴

1553 3113 1554 3196 l
