3184 5054
329 427 470 498 ulterius
490 436 689 514 protractae.
736 425 847 514 Igitur
867 424 995 512 junctis
1015 425 1101 505 AM,
1123 435 1156 492 et
1177 424 1258 504 CM,
1280 422 1345 492 erit
1364 446 1424 492 an·

328 537 428 626 gulus
453 536 560 606 ΑΜΕ
584 546 713 616 acutus,
739 535 819 622 quia
842 534 955 603 minor
986 535 1049 623 (ex
1073 535 1193 603 eadem
1216 534 1271 602 21.
1297 533 1418 621 primi)

330 647 388 716 illo
405 646 532 734 angulo
550 645 654 725 ΑΒΕ,
673 645 731 732 qui
749 645 887 731 ponitur
905 655 1026 713 rectus.
1069 643 1186 731 Quare
1210 644 1273 732 (ex
1290 665 1425 730 praere·

329 755 448 843 dente)
482 754 671 824 stabilietur
698 752 895 842 hypothesis
922 753 1038 841 anguli
1067 753 1166 822 acuti.
1220 753 1324 842 Quod
1351 763 1424 823 erat

329 865 431 934 tertio
449 865 525 932 loco
543 864 855 933 demonstrandum.
899 861 1019 950 Itaque
1037 872 1194 932 constant
1213 862 1329 931 omnia
1347 884 1425 950 pro

330 974 449 1061 posita.
475 969 533 1037 [28]

715 1196 956 1255 PROPOSITIO
973 1196 1038 1253 XX.

329 1341 415 1409 Esto
431 1341 638 1428 triangulum
651 1343 759 1411 ACM
780 1343 855 1429 (fig.
875 1342 947 1430 19.)
968 1344 1201 1430 rectaequlum
1216 1342 1253 1411 in
1267 1344 1306 1412 C.
1337 1342 1424 1411 Tum

423 1461 612 1537 expuncto
636 1453 666 1519 B
691 1451 863 1520 dividente
888 1451 1048 1538 bifarium
1072 1451 1181 1538 ipsam
1204 1451 1282 1520 ΑΜ
1305 1451 1426 1521 demit-

423 1569 516 1629 tatur
537 1562 583 1629 od
604 1560 671 1631 AC
693 1559 981 1648 perpendicularis
1004 1562 1079 1629 BD.
1128 1561 1215 1630 Dico
1241 1563 1328 1630 hanc
1350 1573 1426 1650 per·

421 1668 672 1755 pendiculurem
687 1671 855 1758 majorem
870 1693 940 1739 non
952 1670 1033 1758 fore
1047 1671 1104 1758 (in
1116 1670 1296 1759 hypothesi
1310 1670 1427 1757 anguli

422 1777 531 1866 acuti)
552 1779 734 1848 medietate
747 1778 1036 1867 perpendicularis
1051 1780 1132 1848 MC.

400 1958 673 2025 Demonstratur.
719 1954 946 2025 Continuetur
965 1957 1057 2025 enim
1078 1957 1141 2024 DB
1162 1959 1332 2045 usquead
1353 1959 1426 2026 DH

331 2065 469 2152 duplam
488 2065 594 2152 ipsius
613 2066 686 2133 DB.
754 2066 858 2133 Foret
876 2065 982 2152 igitur
1000 2067 1072 2134 DH
1098 2066 1145 2154 (si
1165 2066 1229 2134 DB
1248 2065 1363 2153 major
1382 2067 1426 2135 sit

330 2175 503 2262 praedicta
515 2174 715 2262 medietate)
729 2174 844 2261 major
858 2175 931 2262 ipsa
941 2176 1021 2254 CM,
1032 2196 1072 2243 ac
1086 2186 1265 2263 propterea
1277 2177 1426 2263 aequalis

331 2284 466 2354 cuidam
489 2284 706 2353 continuatae
730 2284 847 2355 CMK.
895 2285 1091 2371 Jungantur
1115 2285 1197 2365 AH,
1224 2286 1308 2366 ΗΚ,
1335 2286 1425 2366 ΗΜ,

332 2395 417 2462 MD.
454 2395 534 2481 Jam
547 2393 595 2462 sic
608 2393 856 2481 progredimur.
880 2393 1053 2480 Quoniam
1068 2394 1103 2462 in
1117 2395 1296 2482 triangulis
1312 2396 1425 2475 HBA,

332 2503 449 2584 DBM,
472 2503 626 2589 aequalia
646 2513 819 2590 ponuntur
840 2503 947 2571 latera
969 2504 1046 2583 ΗΒ,
1070 2503 1144 2584 ΒΑ,
1167 2503 1328 2574 lateribus
1350 2505 1425 2584 DB,

333 2613 422 2694 BM;
438 2624 584 2700 suntque
604 2613 668 2699 (ex
686 2609 737 2680 15.
755 2611 876 2699 primi)
898 2612 1055 2699 aequales
1071 2613 1186 2700 anguli
1204 2615 1248 2682 ad
1264 2625 1426 2701 punctum

331 2722 379 2804 B;
392 2721 457 2792 erit
470 2721 573 2790 etiam
591 2721 655 2810 (ex
668 2732 790 2809 quarta
803 2720 959 2807 ejusdem
972 2722 1093 2810 primi)
1112 2722 1202 2792 basis
1218 2723 1291 2792 HA
1304 2745 1426 2812 aequa·

332 2830 373 2899 lis
388 2831 460 2900 basi
478 2831 562 2899 MD.
603 2831 746 2910 Deinde,
763 2841 901 2917 propter
917 2833 1059 2899 eandem
1076 2832 1252 2911 rationem,
1271 2834 1427 2920 aequales

332 2951 432 3010 erunt
448 2940 483 3008 in
500 2940 679 3028 triangulis
696 2940 818 3020 HBM,
837 2940 946 3019 DBA,
965 2941 1062 3009 bases
1081 2942 1170 3020 HM,
1190 2941 1268 3010 DA.
1311 2943 1426 3030 Quare

332 3049 368 3117 in
385 3049 565 3136 triangulis
584 3048 709 3128 MHA,
729 3048 850 3128 ADM,
870 3051 1026 3136 aequales
1045 3061 1144 3119 erunt
1168 3051 1231 3138 (ex
1248 3051 1279 3120 8.
1301 3053 1421 3140 primi)

332 3157 448 3253 anguli
464 3159 588 3237 MHA,
606 3159 726 3230 ADM.
766 3158 918 3228 Rursum
933 3159 968 3227 in
982 3159 1162 3247 triangulis
1178 3160 1291 3242 ΑΗΒ,
1309 3161 1426 3242 MDB,

332 3267 482 3355 aequalis
507 3268 657 3336 manebit
682 3268 826 3356 angulus
854 3268 1008 3337 residuus
1036 3269 1145 3337 MHB
1172 3269 1308 3340 residuo
1336 3283 1427 3340 recto

333 3378 459 3466 angulo
477 3376 585 3444 ADB.
629 3376 741 3465 Igitur
759 3388 869 3446 rectus
887 3378 951 3445 erit
969 3379 1114 3465 angulus
1134 3379 1253 3448 MHB.
1297 3382 1345 3449 At
1363 3383 1427 3450 hoc
