3148 5054
317 490 395 570 AX,
423 511 510 577 quae
536 512 580 556 ex
607 500 732 576 puncto
759 489 793 554 A
819 511 879 574 per
906 510 968 556 sua
1005 487 1173 573 quaelibet
1211 485 1415 555 intermedia

316 611 441 684 puncta
458 598 689 667 continuative
707 610 867 666 excurrat
885 620 991 683 usque
1009 599 1053 665 ad
1072 607 1235 683 punctum
1254 595 1298 662 X.
1332 595 1415 663 Non

316 705 529 777 di·[7l]cetur
549 709 631 775 haec
652 709 741 776 linea
762 719 863 784 recta,
885 708 913 774 si
934 707 1011 774 talis
1033 707 1106 792 ipsa
1128 706 1243 783 fuerit,
1265 717 1303 774 ut
1323 705 1415 773 circa

316 821 385 887 duo
399 817 456 887 illa
471 818 613 885 immota
626 829 779 886 extrema
794 838 856 886 sua
870 828 995 902 puncta
1009 817 1117 902 possit
1132 816 1204 902 ipsa
1219 816 1255 883 in
1271 815 1415 884 alteram

315 937 447 1012 partem
464 928 626 1004 converti,
644 938 682 995 ut
699 937 781 1013 puta
798 949 819 994 a
836 927 933 994 laeva
949 937 1045 1013 parte
1063 925 1097 993 in
1116 927 1310 993 dexteram:
1331 925 1414 992 Non

316 1037 456 1115 dicetur,
481 1037 628 1122 inquam,
653 1036 742 1104 linea
765 1046 873 1116 recta3
896 1036 1067 1122 quianon
1089 1035 1214 1133 jacebit
1236 1057 1281 1102 ex
1303 1055 1415 1120 aequo

316 1146 404 1214 inter
418 1167 480 1214 sua
495 1145 672 1233 designata
688 1157 841 1212 extrema
858 1157 982 1231 puncta
991 1169 999 1226 ;
1015 1145 1290 1231 quandoquidem
1307 1144 1361 1211 vel
1378 1144 1414 1209 in

316 1256 448 1323 laevam
470 1267 601 1342 partem
626 1256 815 1332 declinabit,
841 1254 897 1323 ubi
921 1278 965 1323 ex
988 1266 1113 1340 puncto
1137 1254 1171 1320 A
1193 1253 1344 1322 excurrit
1369 1255 1414 1320 ad

315 1375 476 1449 punctum
495 1365 530 1431 X
548 1386 608 1451 per
626 1367 793 1450 quaedam
811 1364 1012 1432 intermedia
1030 1374 1155 1449 puncta
1174 1365 1202 1430 B
1212 1387 1220 1444 ;
1239 1364 1292 1431 vel
1311 1363 1415 1432 decli-

316 1474 409 1542 nabit
431 1473 465 1543 in
487 1476 674 1553 dexteram,
699 1474 754 1542 ubi
778 1497 821 1542 ex
843 1473 964 1541 eodem
985 1473 1128 1542 immoto
1150 1484 1275 1560 puncto
1298 1474 1332 1541 A
1353 1496 1415 1541 ex-

315 1583 421 1652 currit
439 1585 483 1652 ad
502 1583 592 1652 idern
611 1583 791 1652 immotum
809 1595 971 1670 punctum
991 1584 1025 1650 X
1045 1604 1104 1668 per
1123 1584 1290 1669 quaedam
1309 1583 1415 1650 inter-

315 1691 427 1761 media
443 1704 568 1779 puncta
586 1694 624 1772 C,
644 1715 729 1780 quae
747 1693 813 1761 alia
830 1693 929 1778 plane
947 1704 1026 1761 sunt
1043 1717 1063 1762 a
1080 1693 1261 1778 praedictis
1279 1693 1414 1779 punctis
1484 1702 1488 1710 '

316 1803 354 1868 B.
398 1801 532 1871 Scilicet
549 1803 606 1871 illa
623 1803 696 1871 sola
712 1803 801 1870 linea
818 1803 885 1868 AX
904 1803 969 1870 dici
988 1803 1111 1889 poterit
1130 1813 1230 1881 recta,
1249 1825 1335 1888 quae
1353 1825 1414 1869 ex-

314 1923 429 1980 currat
451 1923 642 1997 expuncto
664 1913 698 1978 A
719 1913 763 1979 ad
785 1923 947 1997 punctum
969 1913 1003 1979 X
1026 1935 1086 1998 per
1107 1913 1189 1980 talia
1211 1911 1414 1980 intermedia

314 2031 439 2106 puncta
455 2022 497 2101 D,
515 2043 601 2108 quae
617 2021 699 2106 ipsa,
716 2032 817 2106 prout
834 2021 881 2089 sic
898 2021 1041 2090 invicem
1057 2021 1263 2100 continuata,
1282 2022 1413 2089 revolvi

314 2141 493 2216 nequeant,
514 2131 603 2199 circa
624 2130 681 2200 illa
702 2131 843 2198 immota
863 2142 1016 2199 extrema
1035 2141 1161 2217 puncta
1181 2132 1224 2208 A,
1247 2143 1280 2198 et
1301 2132 1345 2208 X,
1367 2133 1414 2198 ad

314 2261 443 2308 novum
460 2251 494 2308 et
511 2262 639 2309 novum
657 2241 892 2326 occupandum
910 2239 1021 2309 situm.

384 2347 426 2416 In
445 2350 508 2418 hac
528 2361 641 2418 autem
662 2360 772 2417 rectae
792 2349 899 2418 lineae
921 2350 997 2418 idea
1016 2351 1198 2418 manifeste
1219 2349 1413 2419 continetur

314 2458 489 2544 proposita
510 2458 645 2538 veritas,
668 2461 753 2527 duas
775 2481 894 2544 nempe
917 2470 1024 2526 rectas
1046 2459 1151 2527 lineas
1172 2459 1319 2547 spatium
1340 2483 1413 2528 non

314 2569 607 2654 comprehendere.
658 2568 694 2638 si
719 2569 810 2635 enirn
833 2571 920 2637 duae
943 2569 1167 2638 exhibeantur
1190 2569 1297 2637 lineae
1320 2569 1413 2637 clau-

314 2679 432 2745 dentes
456 2676 612 2764 spatium,
637 2700 782 2764 quarum
806 2700 926 2764 nempe
949 2678 1143 2746 communia
1166 2678 1233 2747 sint
1257 2690 1412 2747 extrema
1451 2734 1460 2741 .

315 2788 383 2856 duo
406 2797 530 2872 puncta
554 2787 597 2864 A,
622 2797 655 2854 et
678 2786 723 2864 X,
750 2787 851 2854 facile
874 2787 1065 2856 ostenditur
1088 2787 1142 2856 vel
1166 2799 1331 2866 neutram,
1357 2789 1412 2857 vel

314 2919 417 2964 unam
435 2907 569 2964 tantum
587 2897 722 2965 illarum
741 2897 906 2964 linearum
924 2919 997 2965 esse
1016 2909 1150 2964 rectam.
1196 2898 1329 2966 Neutra
1346 2898 1413 2967 erit

315 3017 414 3082 recta,
431 3017 469 3073 ut
485 3017 566 3090 puta
582 3005 722 3084 ABBX,
739 3017 772 3075 et
789 3005 927 3083 ACCX,
945 3006 973 3072 si
989 3007 1078 3074 circa
1094 3008 1163 3075 duo
1178 3018 1331 3075 extrema
1347 3007 1411 3073 im-

313 3127 407 3184 mota
424 3127 548 3201 puncta
566 3114 608 3193 A,
627 3127 660 3183 et
678 3115 722 3193 X,
740 3115 788 3182 ita
806 3115 933 3182 revolvi
952 3137 1050 3199 posse
1069 3115 1300 3202 intelligantur
1318 3117 1411 3202 ipsae

315 3223 455 3301 ABBX,
476 3223 614 3300 ACCX,
635 3235 672 3293 ut
690 3223 819 3308 reliqua
838 3223 987 3309 ipsarum
1006 3225 1206 3292 intermedia
1224 3237 1349 3312 puncta
1366 3229 1411 3295 ad

313 3355 451 3411 novum,
469 3344 501 3401 et
519 3355 645 3402 novum
663 3335 896 3418 occupandum
913 3334 1025 3401 locum
1042 3345 1286 3419 pertranseant.
1330 3336 1411 3405 Una

313 3453 446 3511 tantum
461 3442 525 3510 erit
541 3453 640 3520 recta,
658 3453 694 3510 ut
710 3453 792 3528 puta
807 3442 955 3519 ADDX,
973 3442 1001 3508 si
1017 3442 1106 3512 circa
1121 3442 1178 3510 illa
1193 3443 1336 3514 immota
1350 3468 1411 3513 ex-

315 3564 424 3620 trema
454 3563 578 3638 puncta
619 3551 667 3619 ita
699 3551 826 3619 revolvi
869 3551 1101 3638 intelligantur
1142 3554 1234 3638 ipsae
1266 3553 1408 3629 ABBX,

314 3661 453 3740 ACCX,
470 3684 555 3748 quae
570 3661 648 3730 hinc
663 3662 741 3729 inde
755 3684 832 3730 cum
848 3661 905 3728 illa
921 3661 1058 3728 ADDX
1075 3662 1221 3748 spatium
1236 3664 1408 3743 claudunt,

200 3862 202 3866 .
314 3782 350 3841 ut
369 3771 519 3858 ipsarum
538 3771 674 3856 quidem
694 3770 834 3848 ABBX,
855 3770 984 3839 ACCX
1004 3781 1128 3857 puncta
1146 3771 1346 3842 intermedia
1365 3776 1410 3842 ad
