3148 5054
771 543 984 603 SCHOLION.

400 659 594 729 Observare
611 669 725 727 tamen
743 659 860 738 debeo,
879 659 972 745 quod
989 657 1092 727 etiam
1109 680 1154 725 ex
1171 656 1352 744 hypothesi
1370 678 1435 724 an·

331 769 402 858 guli
424 767 536 837 obtusi
558 768 729 837 enascitur
748 790 855 836 curva
876 769 1044 852 quaedam
1066 766 1177 846 CKD,
1201 768 1262 834 sed
1282 760 1429 834 con-[9⁶1

331 900 420 947 vexa
441 897 560 946 versus
581 887 695 966 partes
716 877 806 945 basis
829 877 903 944 AB.
952 877 1044 945 Nam
1067 877 1145 945 MH
1176 875 1251 963 (fig.
1275 873 1352 961 47.)
1381 874 1433 942 bi··

333 987 460 1055 fariam
476 986 632 1055 dividens
650 987 740 1073 ipsas
758 985 834 1065 AB,
852 986 917 1057 CD
933 986 999 1054 erit
1021 986 1085 1072 (ex
1101 985 1133 1052 2.
1153 984 1277 1071 hujus)
1300 984 1432 1052 eisdem

332 1094 618 1183 perpendicularis
628 1118 636 1178 ;
651 1107 685 1164 et
699 1095 815 1182 major
836 1096 899 1183 (ex
916 1096 995 1165 Cor.
1013 1095 1041 1162 Ι.
1058 1106 1136 1181 post
1151 1096 1182 1163 3.
1201 1093 1325 1180 hujus)
1348 1094 1432 1180 ipsis

330 1205 406 1284 AC,
428 1204 503 1285 BD,
524 1205 560 1274 in
580 1205 758 1292 hypothesi
779 1205 894 1292 anguli
916 1203 1038 1272 obtusi.
1084 1204 1201 1291 Quare
1221 1204 1327 1290 ipsius
1349 1204 1432 1271 MH

331 1315 444 1401 portio
458 1316 626 1400 quaedam
641 1315 718 1382 MK
733 1314 883 1401 aequalis
898 1315 963 1382 erit
978 1313 1042 1400 ipsi
1057 1312 1131 1392 AC,
1149 1324 1208 1382 aut
1223 1312 1298 1380 BD.
1338 1314 1434 1380 Tum

332 1423 460 1511 junctis
478 1423 554 1503 CK,
574 1434 608 1492 et
627 1423 708 1503 KD,
728 1423 913 1510 divisisque
932 1423 1096 1491 bifariam
1115 1423 1150 1491 in
1169 1422 1303 1509 punctis
1322 1422 1366 1501 X,
1391 1423 1432 1501 P,

332 1533 376 1621 Q,
401 1533 436 1602 N
460 1533 559 1602 rectis
583 1533 658 1612 CK,
682 1532 768 1612 AM,
795 1532 877 1611 ΜΒ,
901 1533 981 1611 KD,
1005 1543 1140 1600 constat
1168 1532 1231 1619 (ex
1254 1533 1375 1600 eadem
1397 1531 1431 1600 2.

332 1642 457 1730 hujus)
478 1642 614 1730 junctas
633 1641 707 1721 PX,
725 1642 806 1730 QN,
823 1642 1118 1729 perpendiculares
1136 1643 1214 1709 fore
1231 1641 1312 1727 ipsis
1330 1641 1434 1709 rectis

332 1751 460 1820 divisis.
503 1752 552 1820 At
569 1771 706 1821 rursum
722 1763 822 1821 erunt
838 1752 916 1821 illae
939 1752 1002 1839 (ex
1018 1752 1139 1820 eodem
1157 1751 1236 1821 Cor.
1255 1750 1283 1818 I.
1302 1761 1381 1836 post
1398 1752 1431 1819 3.

332 1860 457 1948 hujus)
486 1860 638 1948 maiores
663 1860 745 1948 ipsis
770 1860 844 1940 AC,
872 1860 959 1940 MK,
986 1860 1060 1928 BD.
1112 1859 1223 1940 Hinc;
1248 1859 1433 1946 assumptis

332 1971 518 2039 earundem
539 1970 752 2057 portionibus
775 1969 844 2049 PL,
867 1970 939 2059 Qs,
961 1992 1048 2057 quae
1070 1969 1251 2056 praedictis
1273 1970 1433 2056 aequales

332 2079 417 2159 sint;
433 2079 630 2148 habebimus
647 2100 797 2160 curvam,
815 2101 860 2148 ex
875 2078 1054 2167 hypothesi
1071 2079 1188 2167 anguli
1205 2079 1316 2148 obtusi
1333 2100 1441 2168 enas-¹

332 2199 473 2267 centem,
492 2210 579 2276 quae
596 2188 754 2257 transibit
771 2210 831 2276 per
848 2200 973 2275 puncta
991 2190 1030 2267 C,
1048 2189 1089 2268 L,
1110 2189 1154 2268 K,
1175 2189 1210 2268 S,
1230 2189 1273 2257 D.
1316 2187 1435 2274 Atque

333 2298 381 2366 ita
401 2319 543 2384 semper,
564 2297 593 2366 si
615 2300 795 2366 decernere
815 2298 958 2367 velimus
980 2298 1109 2384 reliqua
1129 2309 1254 2385 puncta
1275 2297 1434 2385 ejusdem

332 2429 465 2476 curvae.
512 2406 598 2476 Inde
618 2418 733 2476 autem
752 2419 886 2476 constat
905 2430 981 2476 eam
1003 2409 1081 2477 iore
1101 2429 1291 2475 convexam
1311 2429 1434 2476 versus

332 2527 447 2604 partes
460 2516 552 2585 basis
567 2516 641 2585 ΑΒ.
680 2517 760 2604 Jarn
777 2517 890 2585 fateor
905 2517 1132 2585 demonstrari
1148 2517 1316 2586 uniformi
1332 2518 1435 2605 plane

332 2627 495 2695 methodo
523 2627 673 2712 potuisse
701 2627 939 2712 aequalitatem
967 2626 1072 2713 hujus
1100 2649 1224 2696 curvae
1251 2649 1330 2695 curn
1357 2627 1434 2714 ipsa

332 2735 405 2804 basi
420 2734 494 2803 AB.
533 2735 583 2803 At
596 2736 672 2823 quis
689 2736 845 2804 fructus?
872 2736 997 2804 Nullus
1012 2757 1103 2803 sane.
1132 2735 1434 2823 Quemadmodum

332 2844 424 2913 enirn
443 2867 548 2914 curva
568 2844 633 2913 ista
653 2845 755 2916 CKD
774 2844 903 2913 censeri
924 2845 1032 2924 debet,
1053 2868 1099 2913 ex
1117 2846 1289 2914 communi
1310 2846 1433 2914 saltem

333 2954 482 3033 notione,
504 2953 619 3040 major
641 2964 732 3022 recta
754 2955 836 3035 CD;
857 2953 905 3022 ita
926 2954 1029 3023 etiam
1057 2955 1111 3041 (in
1133 2957 1164 3024 3.
1188 2954 1312 3042 hujus)
1340 2955 1433 3023 basis

333 3063 398 3131 AB
416 3064 671 3132 demonstratur
686 3063 803 3151 major
819 3064 939 3131 eadem
957 3064 1031 3142 CD,
1051 3066 1134 3132 dum
1151 3075 1218 3132 stet
1235 3064 1434 3152 hypothesis

333 3173 449 3260 anguli
471 3172 593 3241 obtusi.
642 3171 784 3241 Nullum
806 3195 889 3260 ergo
911 3195 956 3240 ex
978 3174 1043 3242 hac
1064 3185 1160 3259 parte
1181 3173 1377 3254 absurdum,
1401 3174 1433 3242 si

332 3281 423 3350 basis
441 3282 504 3350 AB
521 3281 670 3368 aequalis
687 3281 731 3350 sit
747 3282 939 3368 praedictae
955 3304 1088 3351 curvae.
1130 3282 1243 3350 Aliter
1259 3306 1341 3352 vero
1359 3306 1434 3352 rem
1542 3343 1543 3376 3
