3184 5054
296 423 516 512 consequitur
544 443 627 491 sane
657 421 810 491 absolute
840 441 960 489 verum
991 441 1074 499 esse,
1106 419 1198 506 quod
1228 413 1391 486 distantia

295 533 396 604 unius
421 534 464 603 ab
489 533 597 601 altera
620 530 871 619 praedictarum
897 539 1076 608 rectarum,
1103 527 1132 596 si
1158 527 1195 595 in
1220 525 1392 594 infinitum

295 645 536 732 producantur,
561 641 677 728 major
700 640 745 708 sit
768 638 917 726 qualibet
942 637 1037 706 finita
1061 636 1257 726 assignabili
1281 634 1391 724 longi·

295 752 423 823 tudine.

719 970 924 1028 SCHOLION
945 970 967 1026 1.

515 1135 644 1222 Inque
664 1132 868 1223 expenditur
885 1143 1028 1202 cenom
1044 1130 1170 1200 Procli.

367 1277 452 1344 Post
474 1277 703 1345 Theoremata
726 1299 747 1345 a
768 1298 824 1344 me
846 1277 913 1344 huc
935 1298 1042 1362 usquc
1065 1277 1297 1344 demonstrata
1320 1275 1392 1342 sinc

297 1384 366 1454 ulla
384 1386 609 1472 dependentia
626 1386 669 1454 ab
687 1385 746 1454 illo
765 1385 996 1455 Pronunciato
1015 1385 1210 1465 Euclidae0,
1230 1385 1274 1453 ad
1293 1383 1394 1471 cujus

297 1516 418 1581 nempe
435 1494 687 1564 exactissimam
704 1495 1030 1564 demonstrationem
1047 1494 1163 1564 omnia
1181 1494 1394 1580 conspirant;

298 1625 421 1690 operae
437 1603 584 1691 pretium
603 1605 777 1674 facturum
792 1627 848 1673 me
865 1604 992 1691 judico,
1012 1604 1040 1672 si
1059 1605 1274 1691 quorundam
1291 1604 1394 1672 etiarn

297 1712 521 1790 celebriorum
540 1714 800 1785 Geometrarum
818 1714 951 1782 labores
971 1713 1006 1782 in
1025 1715 1168 1782 eandem
1185 1709 1394 1781 me-[wltam

298 1823 575 1893 contendentium
601 1823 781 1911 diligenter
806 1825 1005 1909 expendam.
1056 1823 1187 1909 Incipio
1213 1846 1234 1891 a
1260 1823 1393 1901 Proclo,

299 1931 399 2019 cujus
427 1943 478 2002 est
506 1934 597 2019 apud
626 1933 784 2003 Clavium
824 1933 859 2000 in
888 1932 1074 2001 Elementis
1103 1943 1180 2019 post
1220 1932 1392 2002 XXVIII.

299 2041 394 2110 Libri
415 2041 516 2129 primi
536 2063 679 2130 sequens
700 2053 929 2128 assumptum:
950 2041 991 2111 Si
1011 2044 1052 2111 ab
1072 2064 1141 2110 uno
1161 2052 1286 2128 puncto
1309 2043 1397 2110 dune

299 2160 412 2219 rectae
425 2149 534 2220 lineae
547 2153 710 2238 capulum
724 2151 892 2240 facientes
905 2150 1037 2238 infinite
1049 2153 1292 2238 producantur,
1308 2151 1396 2238 ipse

300 2281 377 2329 rum
394 2258 557 2330 distantia
573 2282 707 2330 omnem
722 2259 855 2348 finitam
871 2260 1141 2348 mopnitudinem
1158 2263 1307 2329 excedet.
1349 2261 1397 2328 At

303 2370 445 2439 Procius
466 2371 677 2439 demonstrat
696 2370 834 2458 quidem
860 2370 917 2458 (ut
938 2370 983 2439 ibi
1004 2371 1131 2457 optime
1151 2371 1299 2440 advertit
1321 2371 1397 2440 Cla-

302 2478 398 2566 vius)
424 2481 509 2548 duas
530 2489 638 2548 rectas
664 2478 740 2567 (fig.
761 2479 837 2567 20.)
862 2490 1002 2566 utputa
1022 2479 1104 2559 AH,
1127 2480 1197 2548 AD
1215 2481 1259 2550 ab
1278 2482 1398 2549 eodem

303 2599 428 2675 puncto
448 2588 483 2656 A
502 2599 664 2658 exeuntes
684 2610 803 2657 versus
824 2590 960 2658 easdem
980 2600 1103 2676 partes,
1125 2611 1257 2677 semper
1277 2589 1397 2678 magis,

303 2697 339 2766 in
357 2698 491 2785 majore
509 2698 671 2768 distantia
689 2699 792 2768 abeo
810 2709 935 2786 puncto
955 2698 998 2779 A,
1019 2698 1107 2767 inter
1126 2721 1161 2767 se
1181 2699 1318 2780 distare,
1339 2699 1398 2768 sed

304 2829 373 2876 non
390 2808 493 2876 etiam
509 2807 557 2876 ita
573 2818 612 2876 ut
627 2830 667 2876 ea
684 2807 845 2877 distantia
862 2819 990 2876 crescat
1006 2808 1097 2877 ultra
1112 2831 1248 2878 omnem
1266 2809 1399 2879 finitum

304 2915 548 3006 designabilem
570 2917 722 2997 limitem,
746 2927 848 3004 prout
871 2938 956 3005 opus
980 2917 1072 2986 foret
1095 2920 1139 2990 ad
1162 2917 1268 3005 ipsius
1291 2919 1400 2988 inten-

304 3037 387 3095 turn.
430 3026 511 3113 Quo
528 3027 604 3095 loco
622 3027 799 3113 praelatus
819 3026 957 3096 Clavius
976 3027 1079 3096 affert
1097 3029 1291 3115 exemplum
1310 3029 1400 3099 Con·

304 3135 435 3205 choidis
450 3135 687 3216 Nicomedeae,
702 3158 880 3222 quaecum
894 3147 984 3204 recta
999 3136 1071 3205 AH
1085 3159 1129 3204 ex
1142 3139 1262 3206 eodem
1276 3149 1401 3226 puncto

306 3244 341 3311 A
368 3227 487 3313 versus
517 3246 653 3314 easdem
681 3256 795 3332 partes
823 3245 950 3325 exiens,
982 3245 1030 3314 ita
1058 3267 1192 3333 semper
1218 3249 1328 3336 magis
1358 3249 1402 3317 ab

306 3356 426 3423 eadem
450 3354 585 3434 recedit,
611 3365 649 3423 ut
673 3365 787 3423 tamen
812 3353 963 3441 ipsarum
987 3355 1149 3425 distantia
1172 3379 1242 3425 non
1266 3357 1332 3426 nisi
1357 3358 1401 3427 ad

307 3462 475 3532 infinitam
504 3465 689 3533 earundem
717 3463 985 3550 productionem,
1015 3465 1164 3551 aequalis
1194 3466 1238 3534 sit
1266 3466 1402 3536 cuidam

308 3571 423 3643 finitae
448 3584 557 3641 rectae
582 3572 646 3640 AB
671 3573 993 3660 perpendiculariter
1017 3573 1184 3643 insistenti
1211 3575 1292 3662 ipsis
1318 3577 1401 3656 AH,

308 3682 379 3762 BC,
399 3703 518 3751 versus
538 3682 675 3751 easdem
694 3693 806 3769 partes
827 3682 863 3751 in
883 3681 1054 3752 infinitum
1074 3684 1263 3770 protractis.
1309 3687 1402 3775 Quid
