3174 5050
326 483 498 574 gradibus,
521 484 585 564 vel,
608 483 757 564 utlibet,
781 483 894 554 minus
916 484 1075 554 deficiens
1097 509 1118 555 a
1139 495 1250 567 recto;
1271 483 1348 572 quis
1370 493 1421 552 est

290 654 292 658 Α
326 604 397 664 tam
418 616 540 683 expers
564 595 787 676 Geometriae,
811 595 894 682 quin
917 595 1032 664 statim
1056 617 1129 664 rem
1151 595 1260 682 ipsam
1281 595 1420 665 demon·

326 703 467 774 strative
482 703 663 774 exhibeat?
702 704 794 774 Nam
809 715 1019 792 supponatur
1040 703 1116 793 (fig.
1136 705 1209 793 12.)
1231 705 1331 774 datus
1347 703 1420 792 qui·

326 813 407 881 libet
430 813 576 902 angulus
600 813 705 895 BAP,
730 825 768 883 ut
791 825 873 901 puta
896 813 951 882 88.
977 815 1156 902 graduum.
1207 813 1244 884 Si
1269 835 1353 902 ergo
1376 836 1421 882 ex

325 922 475 1010 quolibet
487 934 614 1010 puncto
628 923 657 991 B
672 922 777 1011 ipsius
793 923 867 1003 ΑΒ,
883 923 1081 992 demittatur
1095 923 1139 992 ad
1154 923 1343 1010 subjectam
1356 922 1421 991 ΑΡ

331 1031 453 1120 (juxta
475 1033 712 1102 duodecimam
734 1033 855 1121 primi)
883 1032 1169 1120 perpendicularis
1193 1033 1264 1112 BP,
1288 1043 1420 1101 constat

325 1141 417 1210 enim
437 1142 576 1211 veroin
597 1165 638 1211 eo
659 1142 832 1230 triangulo
853 1141 950 1210 ABP
971 1142 1160 1211 exhibitum
1182 1142 1260 1212 fore
1281 1142 1420 1211 demon-

326 1251 467 1321 strative
485 1273 688 1320 concursum
706 1263 861 1339 optatum
880 1251 915 1320 in
934 1274 975 1321 eo
994 1263 1120 1339 puncto
1140 1252 1179 1320 Β.

395 1360 499 1449 Quod
515 1361 543 1429 si
562 1362 647 1430 alter
663 1362 808 1449 angulus
826 1363 869 1430 ad
887 1362 996 1430 basim
1013 1363 1202 1447 postuletur
1218 1373 1252 1432 et
1270 1361 1341 1448 ipse
1357 1361 1420 1429 mi·

325 1492 391 1539 nor
414 1481 516 1551 recto,
541 1481 580 1542 ut
603 1482 685 1557 puta
708 1471 763 1539 84.
789 1472 969 1559 graduum,
993 1492 1094 1558 quem
1118 1493 1239 1559 nempe
1263 1471 1421 1541 exhibeat

325 1580 425 1649 datus
444 1580 589 1668 angulus
608 1581 661 1650 K:
680 1591 761 1649 tunc
785 1580 905 1668 (juxta
923 1581 978 1649 23.
999 1580 1120 1668 primi)
1144 1581 1275 1650 efficere
1293 1580 1420 1668 poteris

325 1711 444 1758 versus
462 1701 575 1776 partes
593 1700 703 1758 rectae
721 1689 784 1756 AB
803 1690 977 1777 aequalem
994 1690 1157 1778 angulum
1175 1689 1284 1770 APD,
1304 1712 1421 1760 occur-

326 1809 421 1868 rente
441 1800 504 1867 PD
524 1798 587 1886 ipsi
607 1798 671 1866 AB
691 1799 726 1867 in
745 1800 895 1886 quodam
913 1799 990 1886 ejus
1009 1799 1211 1870 intermedio
1230 1811 1355 1887 puncto
1376 1801 1418 1868 D.

325 1907 442 1996 Quare
457 1908 634 1977 habebitur
650 1930 786 1977 rursum
803 1909 1068 1977 demonstrative
1084 1930 1269 1978 concursus
1285 1919 1420 1997 optatus

327 2017 362 2084 in
377 2039 419 2086 eo
434 2028 560 2105 puncto
575 2019 619 2085 D.

395 2128 551 2195 Tandem
578 2148 679 2195 vero:
708 2126 736 2194 si
765 2127 851 2195 alter
878 2127 1023 2215 angulus
1051 2128 1240 2214 postuletur
1268 2129 1419 2208 obtusus,

327 2237 387 2304 sed
405 2235 519 2304 minor
538 2246 652 2304 tamen
672 2236 727 2304 92.
749 2237 921 2324 gradibus,
943 2259 986 2304 ne
1007 2258 1084 2305 cum
1105 2236 1173 2306 alio
1194 2238 1275 2306 dato
1296 2239 1421 2327 angulo

328 2345 423 2413 BAP
440 2345 673 2431 compleantur
690 2344 761 2413 duo
779 2345 878 2413 recti:
897 2345 1067 2414 exhibitus
1085 2346 1140 2415 hic
1158 2347 1202 2415 sit
1220 2347 1255 2414 in
1273 2349 1422 2434 quodam

327 2455 453 2543 angulo
470 2455 503 2522 R
516 2455 571 2523 91.
590 2456 768 2542 graduum.
809 2454 1069 2523 Ostendendum
1085 2466 1145 2535 est,
1163 2479 1269 2526 unum
1285 2457 1423 2544 aliquod

327 2586 401 2633 esse
420 2575 583 2651 punctum
603 2564 637 2630 X
657 2564 692 2632 in
712 2563 785 2650 ipsa
805 2563 879 2643 ΑΡ,
901 2565 945 2632 ad
965 2565 1056 2652 quod
1076 2563 1196 2651 juncta
1216 2566 1280 2633 ΒΧ
1300 2566 1423 2635 efficiat

328 2674 491 2762 angulum
517 2673 617 2740 BXA
641 2673 816 2761 aequalem
841 2674 923 2741 dato
946 2673 1073 2760 angulo
1098 2674 1131 2741 R
1154 2674 1209 2743 91.
1236 2677 1423 2764 graduum;

328 2785 415 2852 adeo
431 2794 469 2852 ut
483 2793 663 2871 propterea
679 2783 742 2851 sub
757 2783 905 2869 quadam
922 2793 1013 2851 recta
1030 2783 1198 2853 incidente
1215 2785 1284 2852 AX
1301 2786 1423 2854 habea-

327 2903 386 2962 tur
403 2914 587 2962 concursus
605 2902 741 2979 optatus
760 2891 795 2959 in
813 2891 987 2978 praedicto
1005 2903 1130 2979 puncto
1150 2893 1188 2961 B.
1234 2893 1291 2964 Sic
1309 2906 1423 2964 autem

328 3002 532 3090 proceditur.
577 3001 864 3089 Quandoquidem
889 3000 1080 3088 (protracta
1100 3002 1164 3070 PA
1182 3025 1289 3090 usque
1309 3004 1344 3073 in
1363 3005 1424 3073 ali-

329 3113 421 3200 quod
436 3121 599 3198 punctum
614 3110 670 3197 H)
690 3110 835 3198 angulus
850 3120 1011 3179 externus
1027 3111 1129 3178 BAH
1146 3123 1180 3180 et
1194 3123 1246 3180 est
1267 3113 1424 3201 (propter

329 3219 632 3300 decimamtertiam
657 3216 777 3306 primi)
809 3220 863 3289 92.
892 3221 1071 3307 graduum,
1099 3242 1177 3289 cum
1202 3223 1347 3309 angulus
1373 3224 1423 3292 iu-

328 3329 435 3401 terior
454 3329 548 3398 BAP
567 3329 698 3415 positus
717 3328 761 3397 sit
779 3327 833 3397 88.
855 3330 1042 3417 graduum;
1061 3351 1100 3398 ac
1119 3351 1265 3411 rursum,
1286 3344 1424 3420 propter
