3184 5054
332 473 441 553 rectis,
470 473 639 541 stabilitur
666 473 850 557 respective
877 471 1073 558 hypothesis
1101 481 1160 538 aut
1187 470 1303 556 anguli
1332 467 1423 546 recti,

330 595 390 652 aut
413 583 528 671 anguli
552 582 673 660 obtusi,
698 594 756 650 aut
779 582 894 668 anguli
918 581 1016 649 acuti.
1065 581 1168 668 Quod
1192 591 1264 648 erat
1287 580 1425 647 demon-

332 695 518 761 strandum.

729 887 1026 944 COROLLARIUM.

402 1017 512 1084 Hinc:
529 1018 709 1103 protractis
726 1039 844 1085 versus
861 1018 997 1084 easdem
1013 1028 1125 1103 partes
1142 1017 1274 1084 duobus
1291 1015 1426 1102 quibus-

332 1127 384 1192 vis
405 1127 569 1212 propositi
592 1127 811 1212 quadrilateri
834 1127 1071 1212 contrapositis
1094 1126 1264 1203 lateribus
1288 1137 1325 1193 ut
1347 1136 1426 1210 puta

333 1236 401 1302 AD
421 1236 455 1303 in
476 1238 523 1315 H,
544 1247 577 1304 et
597 1237 656 1304 BC
677 1237 711 1302 in
732 1238 771 1302 M
782 1259 789 1316 ;
809 1248 908 1303 erunt
934 1238 997 1322 (ex
1020 1237 1069 1303 13.
1092 1235 1211 1320 primi)
1238 1236 1306 1302 duo
1327 1234 1426 1301 simul

332 1346 464 1413 externi
490 1346 605 1432 anguli
633 1346 745 1424 ΗΒΕ,
774 1346 879 1413 MCD
906 1357 970 1413 aut·
990 1345 1155 1430 aequales,
1183 1356 1242 1412 aut
1267 1345 1425 1416 minores,

333 1467 392 1523 aut
415 1455 565 1541 majores
590 1456 722 1523 duobus
747 1455 846 1521 simul
872 1455 1023 1532 internis,
1049 1464 1082 1521 et
1106 1453 1270 1538 oppositis
1295 1453 1427 1540 angulis

333 1566 376 1633 ad
397 1576 522 1650 puncta
541 1564 584 1642 A,
607 1575 640 1632 et
661 1565 699 1642 B,
721 1576 823 1650 prout
843 1586 924 1631 vera
947 1564 1052 1630 fuerit
1073 1563 1269 1649 hypothesis
1290 1574 1348 1630 aut
1369 1584 1426 1630 an·

333 1675 403 1761 guli
420 1674 511 1752 recti,
528 1686 586 1741 aut
601 1674 716 1760 anguli
733 1674 854 1750 obtusi,
872 1685 930 1741 aut
945 1673 1060 1758 anguli
1077 1672 1174 1740 acuti.

702 1870 942 1927 PROPOSITIO
962 1871 1057 1925 XVII.

334 1999 374 2068 Si
385 1999 455 2080 uui,
469 2011 507 2066 ul
520 2001 609 2080 libel,
625 2000 758 2068 cuidam
771 2011 896 2086 parvae
910 2011 1020 2066 rectae
1034 2000 1098 2065 ΑΒ
1112 1999 1246 2066 iusistot
1262 2000 1336 2085 (sip.
1351 1998 1423 2082 15.)

426 2111 470 2176 od
495 2119 607 2177 rectos
632 2111 776 2194 auqulos
801 2121 894 2176 recta
919 2109 993 2174 ΑΗ
1003 2133 1010 2176 :
1038 2108 1125 2176 Dico
1151 2108 1334 2176 subsistere
1359 2131 1427 2176 uou

425 2229 525 2304 posse
543 2218 579 2286 iu
599 2218 777 2306 hypothesi
795 2218 911 2305 eupuli
930 2219 1030 2299 ocuti,
1051 2229 1088 2285 ul
1106 2218 1246 2304 quaevis
1264 2219 1339 2298 BD,
1361 2217 1428 2304 effi-

427 2327 518 2396 cieus
546 2351 622 2395 cum
650 2329 715 2395 ΑΒ
744 2329 925 2414 quemlibet
954 2330 1116 2414 auquluru
1145 2339 1281 2418 oculum
1311 2350 1429 2395 versus

425 2449 540 2523 portes
560 2437 667 2523 ipsius
687 2439 770 2517 AH,
795 2461 977 2505 occursuro
999 2439 1134 2506 taudem
1155 2438 1200 2504 sit
1222 2439 1266 2504 ad
1286 2437 1428 2522 finitum,

426 2570 487 2614 seu
505 2547 719 2634 termiuotaur
737 2545 932 2614 distoulioru
951 2546 1017 2632 ipsi
1033 2547 1107 2612 ΑΗ
1124 2548 1317 2632 productae.

474 2707 745 2773 Demonstratur.
774 2707 945 2792 Jungatur
962 2706 1037 2800 ΗΒ.
1069 2705 1223 2794 Erit(ex
1242 2705 1292 2773 17.
1304 2707 1424 2792 primi)
1521 2690 1526 2700 ¹

335 2825 453 2883 acutus
473 2816 618 2901 angulus
639 2816 751 2893 ABH,
774 2827 912 2901 propter
931 2816 1094 2901 angulum
1115 2827 1243 2884 rectum
1264 2818 1307 2883 ad
1328 2839 1430 2902 punc-

335 2935 409 2993 tum
428 2924 469 2991 A.
513 2926 591 3010 Jam
616 2926 678 3011 (ex
696 2926 749 2992 23.
770 2925 890 3010 primi)
917 2927 1059 2992 ducatur
1078 2927 1244 3010 quaedam
1264 2927 1336 2993 HD
1356 2948 1430 2992 ver-

340 3031 460 3102 l2⁴lsus
480 3046 593 3119 partes
613 3035 727 3119 puncti
749 3035 788 3111 B,
811 3056 895 3118 quae
917 3057 985 3100 non
1007 3057 1122 3101 secans
1144 3036 1306 3121 angulum
1328 3036 1430 3102 AHB

335 3143 457 3210 efficiat
471 3166 547 3212 cum
563 3145 635 3230 ipsa
651 3146 717 3210 ΗΒ
734 3145 896 3231 angulum
912 3156 1047 3212 acutum
1063 3146 1237 3228 aequalem
1252 3145 1315 3230 ipsi
1331 3157 1430 3213 acuto

337 3254 448 3319 ΑΒΗ.
497 3254 628 3321 Deinde
650 3265 839 3339 expuncto
862 3255 889 3319 B
912 3253 1109 3321 demittatur
1131 3256 1174 3322 ad
1197 3256 1269 3320 HD
1291 3277 1431 3341 perpen-

337 3362 495 3430 dicularis
516 3365 589 3441 BD,
610 3386 696 3448 quae
714 3365 810 3430 cadet
829 3364 873 3430 ad
892 3374 1004 3449 partes
1024 3363 1186 3448 praedicti
1206 3365 1321 3450 anguli
1342 3365 1429 3432 acuti

337 3473 380 3539 ad
400 3483 562 3560 punctum
583 3475 629 3539 H.
676 3473 848 3560 Quoniam
869 3473 973 3558 igitur
994 3473 1081 3540 latus
1104 3474 1172 3539 ΗΒ
1193 3474 1375 3558 opponitur
1396 3475 1430 3540 in

337 3582 508 3668 triangulo
524 3584 626 3649 HDB
643 3583 768 3669 angulo
784 3594 874 3649 recto
890 3582 924 3648 in
941 3584 983 3660 D,
999 3593 1099 3666 atque
1114 3582 1195 3648 item
1210 3582 1244 3648 in
1259 3583 1431 3669 triangulo
