3174 5050
711 1313 897 1383 INDICIS
919 1313 1049 1382 LOCO

479 1520 676 1575 ADDENDA
701 1519 865 1585 CENSEO,
890 1518 1001 1585 QUAE
1027 1516 1279 1584 SEQUUNTUR

404 1664 432 1731 1.
460 1664 501 1732 In
515 1665 541 1732 Ι.
558 1676 591 1733 et
605 1665 650 1732 II.
668 1667 809 1752 Propos.
824 1664 898 1732 Lib.
915 1664 1015 1750 primi
1030 1665 1099 1733 duo
1113 1663 1244 1750 jaciun-

332 1783 389 1842 tur
410 1774 584 1861 principia,
607 1797 652 1843 ex
672 1775 793 1861 quibus
816 1775 851 1842 in
873 1774 938 1841 III.
962 1785 996 1843 et
1017 1773 1079 1842 IV.
1105 1775 1244 1841 demon·

333 1894 470 1963 stratur,
488 1885 631 1971 angulos
647 1884 825 1952 interiores
841 1885 885 1952 ad
902 1894 1028 1952 rectam
1044 1883 1245 1970 jungentem

333 1994 564 2061 extremitates
589 1995 781 2080 aequalium
805 1993 1132 2080 perpendiculorum,
1158 2013 1244 2077 quae

333 2125 377 2170 ex
399 2103 531 2171 duobus
554 2103 686 2189 punctis
709 2103 847 2171 alterius
871 2114 991 2182 rectae,
1015 2102 1119 2170 veluti
1142 2100 1242 2180 basis,

333 2233 451 2280 versus
469 2214 605 2280 easdem
622 2224 735 2299 partes
759 2213 813 2300 (in
830 2213 950 2281 eodem
966 2211 1088 2298 plano)
1111 2211 1244 2298 erigan-

332 2333 398 2401 tur,
418 2344 488 2389 non
505 2322 609 2390 modo
630 2322 706 2390 fore
724 2322 812 2389 inter
830 2343 866 2389 se
884 2322 1050 2407 aequales,
1070 2321 1130 2388 sed
1148 2342 1244 2406 prae-

333 2441 426 2498 terea
446 2442 505 2499 aut
525 2442 644 2510 rectos,
666 2442 724 2499 aut
744 2431 893 2510 obtusos
916 2441 974 2498 aut
994 2441 1121 2509 acutos,
1143 2441 1246 2516 prout

333 2539 390 2607 illa
399 2539 547 2627 jungens
560 2540 709 2626 aequalis
722 2540 836 2619 fuerit,
851 2551 910 2608 aut
923 2539 1045 2619 minor,
1059 2550 1118 2608 aut
1129 2539 1245 2625 major

333 2649 505 2734 praedicta
520 2649 610 2716 basi:
627 2649 740 2735 Atque
756 2649 803 2717 ita
817 2648 975 2718 vicissim.
1244 2671 1266 2716 a
1272 2648 1377 2734 popl

402 2759 433 2825 2.
460 2758 553 2826 Hinc
573 2758 718 2827 sumitur
737 2758 870 2827 occasio
890 2758 1084 2826 secernendi
1105 2769 1174 2826 tres
1194 2758 1245 2826 di·

333 2890 449 2936 versas
474 2869 686 2955 hypotheses,
714 2890 817 2936 unam
842 2869 957 2955 anguli
984 2868 1076 2947 recti,
1103 2868 1244 2936 alteram

334 2977 455 3057 obtusi,
480 2979 617 3045 tertiam
640 2977 747 3046 acuti:
771 2978 861 3045 circa
884 2999 968 3063 quas
993 2978 1028 3044 in
1052 2977 1095 3046 V.
1122 2977 1185 3068 VI.
1212 2989 1245 3044 et
1293 2975 1295 2978 ’

333 3087 414 3154 VII.
426 3089 688 3166 demonstratur,
699 3109 803 3155 unam
812 3086 995 3172 quamlibet
1004 3087 1126 3155 harum
1135 3087 1240 3174 hypo

333 3197 480 3264 thesium
506 3197 582 3265 fore
605 3218 736 3283 semper
759 3197 856 3265 unice
879 3218 1006 3275 veram,
1031 3196 1060 3264 si
1083 3196 1244 3265 nimirum

333 3307 626 3391 depraehendatur
642 3329 724 3374 vera
740 3306 775 3372 in
792 3328 862 3374 uno
878 3306 1027 3391 quolibet
1043 3328 1124 3376 casu
1140 3306 1244 3392 parti-

334 3414 448 3484 culari.
1244 3413 1380 3501 opay.5

403 3526 434 3592 3.
460 3527 551 3594 Tum
580 3547 680 3606 vero;
709 3536 786 3611 post
817 3525 1032 3610 interpositas
1061 3537 1131 3592 tres
1161 3525 1244 3593 alias

333 3634 539 3702 necessarias
560 3634 832 3720 Propositiones;
853 3636 1105 3702 demonstratur
1125 3635 1159 3701 in
1179 3635 1242 3701 XI.

334 3743 415 3810 XII.
431 3766 469 3812 ac
483 3743 582 3810 XIII.
598 3743 799 3811 universalis
812 3743 938 3812 veritas
951 3744 1024 3811 noti
1038 3743 1243 3824 Axiomatis,

334 3864 487 3938 respectu
520 3852 636 3921 habito
669 3855 713 3921 ad
746 3853 876 3938 priores
911 3854 995 3921 duas
1030 3854 1242 3940 hypotheses,

333 3985 437 4031 unam
453 3963 568 4049 anguli
586 3963 677 4041 recti,
696 3974 729 4031 et
746 3963 887 4030 alteram
904 3963 1034 4043 obtusi,
1051 3985 1090 4030 ac
1106 3965 1244 4031 tandem

333 4073 367 4138 in
388 4071 485 4140 XIV.
508 4073 698 4140 ostenditur
717 4072 871 4140 absoluta
894 4071 1026 4139 falsitas
1047 4071 1243 4159 hypothesis
