3184 5054
319 397 438 484 dente)
466 408 584 466 acutus
606 397 750 484 angulus
772 397 894 476 BMH,
917 397 951 464 in
974 395 1151 484 hypothesi
1174 395 1290 483 anguli
1312 391 1410 462 acuti.

320 508 415 595 Ergo
436 507 722 594 perpendicularis
743 507 854 585 BDX‚
876 529 921 574 ex
941 518 1066 593 puncto
1088 506 1117 573 B
1138 507 1182 574 ad
1204 505 1312 592 ipsam
1334 503 1412 570 HM

320 618 477 695 demissa,
507 617 632 686 secabit
665 618 728 701 (ex
755 616 807 685 17.
838 616 958 702 primi)
991 638 1066 684 eam
1095 617 1174 682 HM
1203 616 1239 682 in
1266 615 1413 701 quodam
1485 687 1489 696 ¹

320 739 446 814 puncto
469 727 671 795 intermedio
694 728 737 794 D.
787 728 882 814 Ergo
905 726 1049 813 angulus
1074 725 1175 792 XBA
1197 725 1262 794 erit
1285 735 1411 792 acutus.

322 837 466 906 Constat
484 848 598 905 autem
623 837 686 923 (ex
705 838 823 905 eadem
845 835 896 903 17.
919 836 1039 922 primi)
1064 858 1133 903 non
1153 856 1251 921 posse
1271 834 1414 901 invicem

321 968 522 1014 concurrere
554 946 693 1032 (saltem
720 947 763 1014 ad
792 946 931 1024 finitam,
961 967 1020 1013 seu
1046 945 1263 1013 terminatam
1289 944 1415 1011 distan-

322 1055 424 1141 tiam)
446 1057 530 1123 duas
546 1055 620 1123 illas
634 1067 803 1140 utcunque
819 1057 1000 1140 productas
1017 1055 1134 1132 AHK‚
1152 1054 1262 1132 BDX‚
1279 1063 1416 1140 propter

323 1165 466 1251 angulos
485 1177 594 1233 rectos
613 1166 647 1232 in
666 1166 798 1250 punctis
817 1167 864 1242 H,
884 1175 917 1232 et
936 1166 976 1231 D.
1021 1164 1139 1249 Itaque
1158 1164 1273 1249 nequit
1292 1163 1417 1230 subsis-

323 1284 394 1342 tere
418 1275 453 1342 in
477 1275 655 1361 hypothesi
680 1274 795 1361 anguli
820 1274 919 1352 acuti,
945 1286 982 1341 ut
1007 1273 1145 1359 quaevis
1171 1275 1245 1352 BD,
1271 1273 1416 1340 efficiens

323 1405 401 1451 cum
424 1405 502 1462 una,
527 1393 564 1450 ut
589 1383 678 1462 libet,
704 1405 809 1469 parva
834 1395 925 1451 recta
950 1384 1023 1460 ΑΒ,
1049 1383 1231 1468 quemlibet
1255 1382 1417 1468 angulum

324 1503 461 1561 acutum
481 1513 599 1560 versus
620 1503 732 1578 partes
753 1493 858 1578 ipsius
880 1492 962 1570 AH,
984 1492 1093 1560 eidem
1115 1493 1178 1558 AB
1199 1491 1418 1578 perpendicu-

324 1602 415 1682 laris,
438 1624 621 1671 occursura
641 1604 779 1669 tandem
801 1603 844 1669 sit
872 1603 935 1688 (ad
957 1602 1097 1680 finitam,
1121 1623 1180 1668 seu
1202 1601 1417 1669 terminatam

325 1711 541 1799 distantiam)
567 1711 630 1797 ipsi
651 1711 722 1779 ΑΗ
743 1713 936 1797 productae.
981 1711 1084 1798 Quod
1104 1722 1177 1778 erat
1196 1710 1416 1796 propositum.

748 1909 950 1966 SCHOLION
977 1909 998 1964 1.

395 2037 509 2123 Atque
525 2038 561 2104 id
578 2049 638 2116 est,
650 2040 741 2123 quod
758 2039 924 2125 spopondi
942 2039 977 2106 in
996 2039 1140 2107 Scholiis
1158 2051 1234 2124 post
1247 2038 1346 2105 XIII.
1359 2040 1419 2106 hu-

325 2145 393 2232 jus,
404 2146 565 2215 nimirum
575 2149 784 2215 destructum
803 2148 843 2214 iri
853 2148 1068 2234 hypothesim
1077 2150 1192 2236 anguli
1211 2149 1300 2216 acuti
1316 2149 1420 2234 (quae

327 2256 399 2324 sola
424 2256 541 2324 obesse
566 2257 639 2342 jam
665 2268 775 2342 potest
801 2257 948 2344 generali
976 2258 1023 2324 illi
1051 2258 1282 2326 Pronuntiato
1308 2258 1421 2326 Eucli-

327 2364 432 2451 daeo)
463 2388 507 2434 ex
532 2366 605 2434 solo
630 2366 780 2434 admisso
805 2367 953 2454 generali
979 2369 1124 2435 duarum
1150 2379 1319 2436 rectarum
1342 2389 1421 2435 con·

328 2495 429 2543 cursu
451 2477 495 2542 ad
518 2496 574 2543 eas
597 2486 720 2561 partes,
743 2497 862 2543 versus
885 2498 969 2562 quas
992 2487 1083 2544 recta
1105 2477 1293 2562 quaepiam,
1317 2499 1423 2563 quan-

328 2584 483 2652 tumlibet
501 2606 616 2670 parva,
637 2585 672 2652 in
690 2587 826 2652 easdem
846 2585 1006 2664 incidens,
1026 2587 1112 2653 duos
1131 2586 1253 2655 efficiat
1273 2581 1422 2654 internos

328 2694 471 2780 angulos
488 2693 637 2762 minores
656 2694 787 2762 duobus
807 2695 905 2762 rectis
915 2718 923 2776 ;
941 2705 1041 2780 atque
1059 2694 1106 2762 ita
1124 2695 1271 2781 quidem,
1290 2694 1422 2764 etiamsi

330 2803 491 2871 alteruter
511 2803 647 2872 illorum
665 2803 869 2890 angulorum
889 2803 1032 2890 supponi
1053 2804 1172 2872 debeat
1192 2816 1311 2873 rectus.

743 3000 944 3057 SCHOLION
971 3001 1008 3057 II.

394 3128 462 3196 Sed
478 3150 614 3198 rursum
628 3130 767 3198 meliore
776 3131 860 3208 1000,
872 3142 947 3215 post
958 3129 1110 3198 XXVII.
1122 3132 1236 3217 hujus,
1248 3134 1423 3201 ostendam

331 3238 540 3306 destructum
556 3239 682 3325 pariter
699 3239 739 3306 iri
757 3240 971 3326 hypothesim
988 3241 1103 3327 anguli
1121 3241 1220 3320 acuti,
1238 3243 1321 3310 dum
1338 3264 1425 3310 unus

333 3345 454 3433 aliquis
471 3348 698 3427 tenuissimus,
716 3359 753 3417 ut
770 3349 859 3427 libet,
877 3350 1022 3436 angulus
1039 3361 1157 3417 acutus
1174 3348 1427 3438 desi-[26lgnari
