3148 5054
328 467 445 514 versus
457 447 589 514 laevam
605 447 719 532 (quae,
731 469 775 513 ex
789 446 861 532 ipsa
875 446 1052 532 positione,
1066 447 1180 512 minor
1194 445 1237 513 sit
1250 446 1432 513 continua·

327 555 420 624 tione
443 556 544 623 AXF
568 577 686 624 versus
711 556 854 624 eandem
879 555 1030 642 laevam)
1060 554 1209 642 aequalis
1235 555 1359 622 iterum
1386 555 1431 621 sit

328 665 438 734 eidem
457 665 702 734 continuationi
722 687 840 733 versus
859 667 1046 744 dexteram,
1067 686 1153 750 quae
1172 675 1272 742 certe,
1292 686 1336 731 ex
1355 664 1431 748 ipsa

330 797 466 843 rursum
482 775 658 861 positione,
674 775 790 860 major
805 784 856 842 est
871 774 1043 860 praedicta
1058 775 1312 842 continuatione
1328 773 1432 839 AXF

329 905 448 951 versus
466 884 609 951 eandem
628 885 814 952 dexteram.

400 993 481 1060 Non
505 1015 588 1080 ergo
611 993 646 1060 in
669 1015 710 1061 eo
733 1016 815 1062 arcu
838 993 898 1062 BC
921 994 990 1061 duo
1012 992 1094 1061 talia
1118 992 1263 1060 inveniri
1285 1003 1433 1078 possunt

331 1113 454 1188 puncta
470 1103 520 1180 M,
536 1112 569 1169 et
583 1103 622 1181 F,
637 1103 782 1188 adquae
796 1103 934 1188 junctae
949 1102 1036 1180 XM,
1053 1112 1086 1170 et
1100 1102 1176 1180 XF,
1192 1103 1277 1170 duas
1292 1102 1434 1170 exhibe-

331 1223 390 1280 ant
402 1211 684 1290 continuationes
699 1234 803 1280 unam
817 1212 937 1291 AXM,
953 1223 987 1280 et
1000 1213 1142 1280 alteram
1155 1211 1265 1290 AXF,
1280 1208 1429 1297 qua-[80]

332 1344 408 1388 mm
433 1332 576 1408 utraque
600 1321 644 1389 sit
669 1321 731 1389 sibi
757 1321 831 1406 ipsi,
856 1323 961 1389 modo
986 1321 1059 1406 jam
1084 1321 1262 1406 explicato,
1290 1321 1435 1389 omnino

332 1430 461 1510 similis,
477 1442 537 1499 aut
549 1431 708 1518 aequalis.
749 1432 852 1500 Unde
866 1432 1004 1498 tandem
1019 1431 1237 1516 consequitur
1251 1431 1354 1497 incidi
1370 1431 1436 1498 ali-

332 1541 470 1626 quando
492 1541 613 1609 debere
635 1540 671 1607 in
695 1562 811 1620 unum,
836 1541 993 1626 idemque
1016 1550 1179 1626 punctum
1201 1542 1245 1619 D,
1270 1541 1314 1608 ad
1338 1541 1435 1626 quod

332 1649 451 1736 juncta
468 1650 538 1717 XD
556 1650 658 1717 talem
676 1650 834 1718 exhibeat
852 1650 1142 1718 continuationem
1160 1650 1275 1728 AXD,
1295 1650 1348 1718 cui
1367 1649 1435 1716 soli

332 1759 512 1828 conveniat
534 1759 648 1845 (facta
663 1759 916 1844 comparatione
934 1759 1022 1826 inter
1038 1759 1180 1837 laevam,
1198 1781 1237 1827 ac
1254 1761 1434 1827 dexteram

334 1869 484 1954 partem)
518 1891 591 1936 esse
620 1868 682 1936 sibi
712 1868 775 1953 ipsi
803 1869 944 1935 omnino
972 1868 1127 1947 similem,
1158 1879 1217 1936 aut
1245 1868 1431 1954 aequalem.

334 1977 437 2065 Quod
454 1988 526 2046 erat
542 1978 698 2045 hocloco
715 1978 1027 2046 demonstrandum.

405 2086 492 2155 Dico
516 2088 655 2154 tandem
679 2087 816 2172 quinto:
842 2109 917 2155 eam
942 2088 1050 2154 solam
1075 2087 1180 2154 AXD
1206 2087 1283 2155 fore
1307 2088 1433 2154 lineam

335 2205 471 2275 rectam,
494 2196 655 2264 nimirum
676 2219 720 2263 cx
741 2196 775 2263 A
795 2218 854 2282 per
876 2196 910 2262 X
931 2195 1057 2264 directe
1077 2197 1309 2264 continuatam
1330 2196 1365 2264 in
1388 2199 1434 2264 D.

335 2305 503 2393 Quamvis
525 2305 615 2372 enim
638 2306 672 2392 ly
695 2328 740 2372 ex
760 2327 879 2392 aequa,
903 2305 938 2373 in
960 2305 1157 2374 definitione
1179 2306 1288 2374 lineae
1311 2318 1435 2383 rectae,

336 2415 495 2500 applicari
525 2414 681 2500 primitus
709 2415 829 2483 debeat
857 2416 990 2501 punctis
1018 2416 1227 2484 intermediis
1257 2417 1361 2484 relate
1390 2419 1437 2484 ad

335 2533 460 2611 puncta
481 2523 585 2610 ipsius
607 2535 777 2604 extrema3
799 2526 889 2593 unde
910 2525 1026 2610 utique
1047 2525 1119 2612 jam
1140 2525 1325 2604 elicuimus,
1348 2527 1438 2593 duos

336 2632 443 2702 lineas
461 2644 571 2702 rectas
588 2656 658 2702 non
677 2636 833 2702 claudere
851 2633 1015 2720 spatium
1036 2634 1177 2722 intelligi
1197 2646 1311 2722 tamen
1331 2636 1437 2703 etiam

337 2744 435 2812 debet
451 2745 492 2812 de
509 2744 665 2829 ejusdem
682 2754 791 2811 rectae
809 2743 917 2811 lineae
934 2744 1187 2812 continuatione
1204 2744 1240 2812 in
1257 2743 1435 2812 directum.

338 2853 456 2940 Itaque
479 2875 518 2920 ea
539 2854 611 2921 sola
633 2853 703 2919 XD
730 2853 784 2938 (in
806 2855 925 2920 eodem
947 2876 1024 2921 cum
1045 2854 1114 2920 AX
1136 2855 1238 2939 plano
1260 2855 1431 2938 existens)

337 2963 468 3030 dicetur
489 2985 562 3029 esse
583 2963 794 3030 continuatio
816 2973 918 3042 rectu,
941 2962 1012 3030 sive
1034 2962 1069 3030 in
1092 2974 1221 3031 rectum
1244 2964 1439 3049 praedictae

338 3072 417 3151 AX,
443 3074 580 3158 quando
606 3072 679 3158 ipsa
703 3095 811 3158 neque
836 3073 871 3139 in
896 3073 1037 3150 laevam,
1065 3095 1173 3159 neque
1198 3073 1233 3140 in
1258 3076 1438 3141 dexteram

339 3181 427 3250 illius
447 3193 577 3267 partem
597 3194 791 3268 convergat,
812 3184 871 3250 sed
889 3181 1048 3267 utrinque
1068 3205 1237 3269 exaequo
1257 3186 1438 3268 procedat;

339 3293 426 3359 adeo
438 3302 477 3360 ut
489 3315 609 3376 nempe
623 3291 833 3359 continuatio
847 3291 904 3358 illa
918 3291 1023 3358 AXD
1037 3314 1155 3360 versus
1169 3292 1301 3361 laevam
1316 3293 1438 3361 similis

339 3401 437 3487 plane
461 3401 515 3480 sit,
540 3413 599 3469 aut
624 3401 773 3488 aequalis
798 3401 907 3469 eidem
931 3401 1177 3488 continuationi
1203 3402 1440 3470 consideratae

339 3532 458 3579 versus
480 3511 664 3578 dexteram.
712 3510 796 3578 Inde
817 3510 908 3578 enim
930 3510 996 3588 fiet,
1019 3522 1056 3579 ut
1078 3511 1125 3578 illi
1147 3511 1210 3579 soli
1232 3512 1336 3579 AXD
1357 3535 1440 3580 con-

340 3620 453 3688 veniat
469 3643 538 3688 non
555 3642 653 3706 posse
669 3620 713 3688 ab
728 3643 768 3688 ea
784 3619 907 3705 suscipi
926 3619 961 3686 in
977 3643 1017 3688 eo
1033 3620 1092 3687 tali
1111 3621 1212 3706 plano
1228 3622 1330 3689 aliam
1347 3623 1439 3707 posi-

340 3731 468 3798 tionem
487 3730 551 3798 sub
567 3729 626 3797 illa
645 3729 786 3797 immota
806 3730 892 3810 AX;
912 3752 989 3796 cum
1009 3741 1098 3796 certe
1123 3730 1186 3816 (ex
1205 3730 1278 3816 jam
1298 3732 1440 3800 demon-
