3148 5054
659 477 900 535 PROPOSITIO
915 477 1025 534 XXXI.

294 626 371 693 Jom
393 623 468 693 dieo
490 625 619 692 nullum
639 625 720 712 fore
739 623 990 710 praedictorum
1011 623 1048 691 in
1070 624 1203 692 duobus
1224 617 1394 690 distinctis

385 733 520 820 punctis
537 733 768 802 communium
785 732 1102 820 perpendiculorum
1120 730 1263 800 limitem
1281 731 1392 799 deter-

387 843 564 924 minatum,
588 865 655 930 quo
680 843 794 911 minus
817 845 879 911 sub
903 840 1046 924 minore,
1072 863 1111 910 oc
1135 840 1267 910 minore
1292 849 1392 908 acmo

386 954 523 1039 angulo,
539 955 583 1021 od
598 953 682 1020 illud
696 963 859 1039 punctum
874 953 905 1018 A
925 951 1119 1033 constituto,
1137 947 1290 1018 devestiri
1304 970 1392 1017 sem·

386 1073 448 1148 per
468 1061 578 1148 possit
606 1062 728 1150 (juxto
751 1059 954 1150 hypothesin
977 1059 1094 1147 anguli
1117 1058 1226 1145 ocuti)
1256 1060 1301 1126 od
1326 1059 1393 1126 tale

386 1193 564 1240 commune
578 1172 614 1239 in
627 1165 760 1240 dirobirs
774 1169 943 1239 distinctis
954 1169 1089 1258 punctis
1102 1166 1391 1256 perpendiculum,

387 1283 479 1367 quod
497 1281 542 1349 sit
561 1280 674 1349 minus
693 1280 841 1368 quolibet
859 1279 1032 1366 assignato
1050 1277 1263 1366 longitudine
1283 1279 1325 1345 R.

365 1442 636 1509 Demonstratur.
685 1441 862 1527 Quatenus
885 1442 976 1508 enim
998 1440 1096 1509 aliter
1118 1462 1172 1508 res
1193 1461 1229 1507 se
1252 1440 1393 1518 habeat;

278 1535 323 1616 xsi
344 1573 387 1618 ex
406 1563 532 1637 puncto
552 1552 587 1618 K
613 1551 741 1637 (recole
761 1551 816 1637 fig.
840 1550 915 1636 30.)
942 1552 977 1618 in
997 1549 1205 1637 quantalibet
1225 1572 1245 1617 a
1266 1559 1393 1636 puncto

295 1660 323 1726 Β
343 1661 504 1728 distantia
522 1660 557 1727 in
576 1682 615 1728 ea
635 1660 699 1728 ΒΧ
718 1661 907 1748 assignato‚'
922 1661 1086 1728 educatur
1104 1657 1392 1744 perpendicularis

296 1769 370 1848 KL,
388 1771 551 1856 adquam
567 1780 752 1856 expuncto
769 1771 803 1836 A
825 1769 945 1856 (juxta
963 1769 1015 1836 12.
1034 1767 1155 1856 primi)
1177 1767 1325 1836 demissa
1340 1767 1391 1834 in-

294 1879 467 1966 telligatur
495 1879 781 1965 perpendicularis
811 1879 885 1958 AL,
916 1878 1052 1946 deberet
1080 1877 1154 1964 ipsa
1183 1878 1249 1946 KL
1276 1876 1391 1962 major

294 2009 367 2056 esse
384 2010 424 2056 ea
441 1988 653 2076 longitudine
671 1989 711 2055 R.
732 1988 834 2057 Ratio
851 1999 965 2056 autem
981 1998 1049 2067 est;
1067 1987 1147 2073 quia
1163 1997 1338 2072 assumpto
1357 1986 1391 2052 in

294 2099 413 2164 eadem
435 2097 500 2164 BX
522 2097 642 2166 altiore
663 2108 789 2185 puncto
811 2098 854 2184 Q,
877 2119 921 2164 ex
942 2119 1010 2184 quo
1030 2099 1195 2165 educatur
1215 2098 1260 2165 ad
1282 2095 1392 2182 ipsam

295 2207 360 2273 BX
389 2206 675 2292 perpendicularis
704 2207 777 2294 QF,
807 2208 851 2274 ad
879 2228 981 2292 quam
1015 2206 1136 2292 (juxta
1164 2208 1307 2274 eandem
1337 2205 1388 2272 12.

294 2314 415 2402 primi)
440 2314 638 2384 demittatur
657 2315 943 2402 perpendicularis
964 2316 1037 2394 AF,
1058 2316 1195 2383 deberet
1214 2317 1297 2384 haec
1317 2337 1391 2383 rur·

294 2446 371 2493 sum
385 2425 505 2493 saltem
520 2446 589 2492 non
604 2447 677 2492 esse
691 2425 805 2492 minor
819 2446 859 2493 ea
874 2425 1085 2511 longitudine
1102 2425 1142 2491 R.
1185 2425 1262 2492 Erit
1277 2435 1391 2493 autem

295 2534 360 2602 KL
384 2535 447 2622 (ex
465 2535 543 2604 Cor.
563 2536 715 2622 praeced.
736 2534 859 2621 Prop.)
881 2535 998 2619 major
1014 2534 1087 2619 ipsa
1106 2535 1179 2622 QF.
1222 2533 1334 2622 Igitur
1350 2555 1392 2601 ea

295 2644 361 2711 KL
374 2645 490 2731 major
507 2645 598 2712 foret
613 2645 786 2731 praedicta
800 2643 1011 2732 longitudine
1028 2643 1068 2710 R.
1111 2644 1225 2731 Atque
1240 2644 1289 2712 ita
1304 2665 1390 2712 sem·

294 2775 355 2840 per
370 2752 471 2822 altius
487 2755 711 2840 procedendo.

362 2863 441 2950 Jam
457 2884 558 2931 vero:
576 2863 603 2930 si
622 2863 678 2930 illa
696 2874 954 2948 quantacunque
973 2864 1036 2930 KB
1055 2862 1165 2931 divisa
1182 2862 1390 2950 intelligatur

301 2973 420 3059 (prout
444 2973 479 3040 in
503 2972 618 3040 XXV.
643 2972 768 3058 hujus)
798 2971 832 3038 in
856 2972 1029 3057 portiones
1055 2973 1135 3050 KK,
1161 2971 1317 3058 aequales
1342 2972 1412 3060 illi·

293 3081 498 3169 longitudini
525 3082 566 3160 R,
592 3082 845 3167 educanturque
870 3103 914 3148 ex
940 3081 1006 3147 illis
1031 3080 1163 3166 punctis
1189 3083 1225 3148 K
1249 3103 1391 3167 perpen-

295 3191 471 3270 diculares,
494 3213 580 3276 quae
602 3201 781 3258 occurrant
804 3191 867 3276 ipsi
890 3189 958 3256 AX
981 3190 1015 3256 in
1037 3191 1170 3276 punctis
1193 3191 1240 3269 H,
1265 3192 1308 3270 D,
1332 3192 1391 3270 M;

294 3323 364 3368 non
381 3312 481 3369 erunt
498 3300 614 3388 anguli
632 3301 676 3368 ad
694 3285 777 3367 haee
794 3310 928 3384 puncta,
947 3321 1065 3367 versus
1084 3309 1198 3384 partes
1216 3300 1330 3386 puncti
1349 3300 1389 3379 L,

294 3421 353 3478 aut
377 3409 467 3489 recti,
491 3421 550 3478 aut
571 3409 700 3489 obtusi;
723 3432 765 3476 ne
789 3410 823 3476 in
846 3408 960 3494 aliquo
982 3408 1222 3493 quadrilatera
1248 3420 1285 3477 ut
1309 3420 1391 3495 puta
