3148 5054
315 495 408 552 certo
433 483 539 551 limite
564 483 608 552 ad
633 482 872 568 aequalitatem
896 503 974 551 cum
998 483 1125 570 angulo
1150 494 1253 562 recto,
1280 480 1414 569 quoties

316 615 436 679 nempe
451 592 509 660 illa
525 592 588 662 AC
604 613 674 659 non
689 592 754 659 nisi
771 593 815 660 ad
832 591 1000 660 infinitam
1016 593 1214 661 distantiam
1230 613 1414 660 occursura

316 714 453 788 putetur
470 702 534 787 ipsi
551 702 625 769 ΒΧ.
668 699 779 789 Igitur
797 701 948 769 deveniri
966 712 1079 786 posset
1096 703 1141 770 ad
1156 702 1260 769 talem
1277 701 1414 769 ordina·

316 823 387 879 tarn
408 812 529 889 KMD‚
549 812 593 879 ad
612 832 714 897 quam
733 811 878 899 angulus
897 810 1010 878 AMK
1028 811 1141 879 minus
1160 822 1336 897 superaret
1354 833 1415 878 an·

317 921 435 1008 guium
454 931 592 999 rectum,
612 942 714 1006 quam
732 920 777 989 sit
794 920 849 990 ille
867 919 1013 1006 angulus
1032 920 1139 989 DAC.
1184 922 1282 989 Tune
1300 932 1413 988 autern

318 1030 462 1118 angulus
482 1029 590 1108 ΒΑΕ,
610 1029 681 1098 sive
702 1029 821 1108 ΒΑΜ,
842 1051 1006 1098 unacum
1024 1029 1151 1117 angulo
1170 1029 1281 1097 AMD
1299 1029 1416 1118 major

318 1139 381 1206 erit
398 1161 468 1208 uno
486 1150 586 1206 recto.
630 1139 763 1225 Quare;
781 1138 899 1207 addito
915 1139 1038 1207 obtuso
1055 1138 1182 1226 angulo
1199 1139 1328 1219 ADM;
1345 1151 1415 1208 tres

318 1248 418 1317 simul
434 1248 550 1334 anguli
565 1247 727 1335 trianguli
744 1248 853 1316 ADM
870 1247 1022 1334 majores
1038 1259 1137 1316 erunt
1154 1249 1286 1317 duobus
1303 1248 1414 1326 rectis,

318 1360 410 1445 quod
434 1369 485 1425 est
508 1369 627 1426 contra
651 1357 854 1445 hypothesin
878 1357 994 1444 anguli
1018 1357 1117 1426 acuti.
1168 1357 1280 1445 Igitur
1303 1359 1416 1427 omnis

319 1479 411 1536 recta
429 1467 503 1546 Ac,
524 1488 610 1553 quae
629 1477 718 1535 secet
738 1466 833 1535 ilium
852 1466 1017 1553 angulum
1036 1466 1146 1545 BAX,
1168 1467 1351 1553 aliquando
1371 1468 1417 1536 ad

319 1576 460 1656 finitam,
485 1598 544 1644 seu
566 1576 783 1645 terminatam
807 1575 1004 1643 distantiam
1032 1575 1155 1662 (etiam
1178 1576 1213 1644 in
1235 1577 1416 1664 hypothesi

319 1686 435 1773 anguli
464 1684 573 1771 acuti)
607 1697 762 1754 occurret
790 1684 853 1772 ipsi
884 1684 949 1752 BX
978 1684 1014 1752 in
1043 1686 1191 1771 quodam
1220 1698 1346 1773 puncto
1376 1687 1414 1755 Ρ.

319 1795 423 1883 Quod
442 1805 503 1864 etc.
529 1790 588 1859 [⁶⁴]

700 1990 990 2050 COROLLARIUM
1013 1990 1035 2046 1.

390 2120 482 2188 Hinc
497 2120 589 2188 nulla
599 2120 670 2198 AZ,
687 2141 773 2206 quae
787 2141 906 2188 versus
921 2130 1033 2206 partes
1047 2129 1251 2206 punctorum
1261 2117 1295 2184 X
1310 2138 1417 2204 angu-

320 2230 391 2298 lum
405 2241 542 2298 acutum
556 2229 678 2298 efficiat
692 2229 862 2316 majorem
877 2230 935 2299 iilo
949 2230 1060 2308 BAX,
1076 2250 1253 2297 occurrere
1267 2249 1417 2314 unquam

320 2339 454 2425 poterit,
477 2339 548 2407 sive
569 2340 613 2407 ad
634 2338 766 2407 finitam
787 2340 858 2406 sive
879 2340 923 2408 ad
945 2338 1112 2407 infinitam
1133 2337 1330 2406 distantiam
1353 2336 1416 2421 ipsi

321 2448 396 2515 BX.
440 2448 618 2535 Quatenus
639 2449 729 2517 enim
750 2449 797 2517 ita
817 2448 1037 2535 contingeret,
1060 2448 1132 2535 jam
1153 2447 1210 2515 iila
1230 2446 1309 2526 AX,
1331 2445 1418 2514 divi·

321 2560 405 2626 dens
425 2558 588 2646 angulum
608 2557 711 2637 BAZ,
733 2557 869 2627 deberet
895 2558 1032 2644 (eontra
1052 2556 1274 2645 praemissam
1294 2577 1418 2642 suppo·

322 2667 498 2753 sitionem)
521 2670 565 2735 ad
582 2667 712 2735 finitam
728 2667 925 2736 distantiam
942 2688 1119 2735 occurrere
1136 2665 1199 2752 ipsi
1217 2666 1300 2746 BX;
1316 2675 1419 2752 prout

322 2778 593 2846 demonstratum
622 2775 658 2845 id
687 2787 737 2844 est
767 2777 809 2844 de
839 2767 930 2845 recta
959 2775 1023 2846 Ac
1053 2775 1225 2844 dividente
1254 2774 1419 2862 angulum

322 2886 430 2955 BAX,

695 3079 985 3140 COROLLARIUM
1005 3081 1043 3137 11.

393 3207 574 3278 Prae‘terea
591 3210 743 3295 sequitur
759 3210 890 3278 nullum
909 3209 986 3277 fore
1002 3211 1265 3280 determinatum
1282 3221 1419 3280 acutum

323 3319 486 3405 angulum
508 3319 662 3388 omnium
682 3319 882 3398 maximum,
907 3320 970 3388 sub
992 3342 1060 3405 quo
1083 3321 1204 3389 educta
1226 3343 1271 3388 ex
1293 3331 1421 3406 puncto

324 3427 358 3494 Α
376 3429 421 3496 ad
441 3427 572 3496 finitam
591 3427 788 3497 distantiam
808 3440 963 3497 occurrat
984 3428 1031 3496 illi
1053 3429 1127 3496 BX.
1175 3429 1212 3498 Si
1233 3429 1324 3498 enim
1344 3451 1420 3498 ver-

323 3559 381 3606 sus
402 3548 515 3623 partes
535 3538 650 3625 puncti
672 3539 706 3605 X
727 3549 890 3625 punctum
910 3538 1055 3624 quodvis
1076 3560 1239 3618 assumas,
1262 3541 1354 3626 quod
1376 3540 1421 3607 sit

323 3646 425 3716 altius
448 3658 574 3733 puncto
600 3649 639 3726 P,
664 3658 797 3715 constat
822 3659 949 3715 rectam
973 3646 1174 3735 jungentem
1198 3659 1361 3735 punctum
1386 3648 1421 3716 A
