3184 5054
314 498 437 587 possit;
464 498 527 567 sub
553 518 630 583 quo,
659 496 687 563 si
716 506 806 563 recta
832 493 1010 581 quaepiam
1037 493 1072 561 in
1099 493 1241 561 alteram
1269 488 1406 567 incidat,

313 610 432 678 debeat
447 609 530 676 haec
546 607 711 693 producta
732 605 794 693 (ad
812 603 953 684 finitam,
971 624 1030 671 seu
1046 601 1263 671 terminatam
1279 599 1407 668 distan-

313 719 415 806 tiam)
438 717 621 803 aliquando
637 736 813 783 occurrere
830 713 937 782 cuivis
954 714 998 782 ad
1016 710 1259 799 quantamlibet
1277 708 1408 777 finitam

314 827 510 896 distantiam
529 825 695 893 excitatae
715 845 816 910 super
835 845 875 891 ea
895 822 1062 891 incidente
1082 817 1360 908 perpendiculari.

675 1035 916 1093 PROPOSITIO
933 1034 1045 1092 XVIII.

313 1165 372 1232 Ex
389 1165 539 1252 quolibet
558 1165 727 1252 rrtauquo
747 1163 854 1246 ΑΒΕ,
875 1164 976 1252 cujus
994 1163 1140 1250 angulus
1165 1162 1241 1250 (riq.
1266 1160 1338 1249 17.)
1364 1159 1409 1229 od

405 1285 567 1360 puuctum
587 1275 617 1341 B
637 1275 673 1342 iu
692 1297 759 1343 uuo
781 1273 903 1361 quovis
921 1271 1132 1342 semicirculo
1154 1268 1289 1352 existat,
1309 1269 1409 1358 cujus

407 1383 572 1453 diameter
590 1384 666 1465 Ac,
688 1382 859 1452 stabilitur
879 1381 1075 1471 hypothesis
1096 1391 1156 1450 aut
1176 1379 1294 1467 eupuli
1314 1377 1408 1460 recti,

407 1503 467 1561 out
483 1492 600 1580 eupuli
618 1493 740 1574 obtusi,
758 1503 818 1561 out
836 1492 954 1578 eupuli
971 1490 1074 1572 ocuti·
1090 1500 1193 1578 prout
1211 1499 1332 1576 nempe
1350 1511 1409 1558 aru

406 1604 507 1688 putus
527 1604 572 1670 ad
590 1612 753 1689 puuctum
773 1603 803 1669 B
824 1599 933 1689 fuerit
952 1611 1013 1669 out
1033 1610 1155 1680 rectus,
1177 1609 1237 1668 out
1258 1600 1408 1680 obtusus,

407 1721 466 1779 out
484 1721 612 1780 ocutus.

385 1886 657 1955 Demonstratur.
706 1886 764 1953 Ex
786 1895 903 1954 centro
927 1886 960 1952 D
984 1885 1150 1972 jungatur
1174 1885 1248 1952 DB.
1297 1883 1411 1952 Erunt

322 1996 384 2082 (ex
407 1995 525 2081 quinta
547 1995 666 2082 primi)
695 1994 851 2081 aequales
874 1994 989 2082 anguli
1013 1995 1057 2062 ad
1078 1994 1188 2063 basim
1210 1993 1285 2073 AB,
1309 2003 1410 2079 atque

317 2104 397 2172 item
416 2106 460 2173 ad
477 2104 587 2172 basim
605 2105 675 2184 BC,
695 2105 730 2171 in
749 2103 928 2190 triangulis
948 2104 1057 2183 ADB,
1078 2103 1182 2173 CDB.
1228 2103 1354 2190 Quare,
1374 2102 1410 2169 in

316 2214 488 2301 triangulo
508 2214 612 2292 ABC,
634 2216 703 2282 duo
723 2212 823 2281 simul
843 2213 958 2299 anguli
979 2214 1023 2281 ad
1042 2212 1151 2281 basim
1171 2212 1234 2282 AC
1254 2212 1410 2298 aequales

316 2334 415 2392 erunt
428 2322 491 2392 toti
507 2323 632 2410 angulo
648 2323 751 2392 ABC.
792 2322 903 2410 Igitur
917 2334 986 2389 tres
1002 2320 1102 2390 simul
1118 2322 1233 2408 anguli
1248 2320 1409 2408 trianguli

317 2433 411 2501 ΑΒΕ
435 2433 592 2518 aequales
616 2443 725 2512 erunt,
751 2443 810 2500 aut
834 2431 995 2519 majores,
1021 2442 1081 2499 aut
1104 2431 1253 2499 minores
1279 2431 1410 2500 duobus

318 2542 426 2621 rectis,
445 2553 546 2628 prout
563 2542 707 2628 angulus
724 2543 768 2609 ad
786 2552 948 2628 punctum
965 2541 994 2607 B
1014 2540 1120 2609 fuerit
1136 2550 1196 2609 aut
1212 2550 1333 2619 rectus
1352 2549 1411 2609 aut

317 2652 467 2730 obtusus,
489 2662 547 2719 aut
567 2661 694 2719 acutus.
740 2650 859 2736 Itaque
879 2672 923 2717 ex
943 2650 1093 2736 quolibet
1112 2650 1284 2736 triangulo
1305 2648 1409 2728 ABC,

317 2760 416 2847 cujus
438 2761 583 2848 angulus
605 2761 649 2828 ad
670 2770 834 2846 punctum
856 2760 885 2826 B
907 2760 943 2827 in
964 2781 1035 2827 uno
1057 2758 1177 2845 quovis
1200 2757 1411 2827 semicirculo

317 2870 450 2950 existat,
469 2869 569 2956 cujus
586 2871 751 2937 diameter
767 2868 840 2947 AC,
859 2868 1028 2937 stabilitur
1051 2869 1114 2956 (ex
1134 2864 1185 2936 15.
1204 2868 1329 2955 hujus)
1351 2869 1412 2955 hy-

264 3004 268 3009 ·
317 2978 466 3067 pothesis
492 2989 551 3047 aut
576 2978 691 3066 anguli
717 2978 810 3056 recti,
837 2988 896 3047 aut
921 2977 1036 3064 anguli
1062 2977 1184 3058 obtusi,
1211 2987 1271 3046 aut
1295 2976 1411 3065 anguli

317 3089 417 3168 acuti,
435 3099 537 3174 prout
553 3110 673 3174 nempe
690 3088 834 3174 angulus
852 3088 896 3155 ad
914 3087 1122 3172 punctumB
1143 3086 1248 3155 fuerit
1265 3097 1324 3155 aut
1342 3109 1412 3155 rec-

317 3209 382 3277 tus,
400 3208 458 3266 aut
474 3197 624 3276 obtusus,
642 3207 701 3265 aut
717 3206 844 3264 acutus.
886 3196 989 3283 Quod
1005 3206 1078 3264 erat
1094 3206 1154 3265 etc.

694 3408 935 3467 PROPOSITIO
955 3409 1035 3466 XIX.

322 3537 403 3612 Esto
420 3536 565 3625 quodvis
581 3538 788 3624 triangulum
803 3538 912 3606 ΑΗΒ
934 3537 1010 3626 (rip.
1032 3539 1104 3624 18.)
1126 3541 1359 3626 rectoupulum
1376 3537 1412 3607 iu

410 3648 458 3715 H.
515 3647 603 3715 Tum
632 3646 669 3716 iu
697 3646 767 3714 AD
797 3644 993 3716 continuata
1021 3657 1178 3717 sumatur
1204 3647 1316 3734 portio
1347 3646 1413 3718 DC

410 3757 561 3843 oequoir's
579 3755 646 3843 ipsi
663 3756 751 3839 AD;
771 3756 1035 3844 demittaturque
1055 3758 1100 3824 ad
1118 3755 1194 3824 ΑΗ
1211 3758 1412 3844 productam
