3184 5054
359 457 504 516 stratum
521 445 574 525 sit,
592 447 684 531 quod
702 443 862 514 distantia
880 446 1025 514 duarum
1042 445 1125 525 AH,
1144 445 1213 513 AD
1229 444 1265 514 in
1283 444 1454 514 infinitum

358 559 601 643 productarum
621 555 736 641 major
756 576 888 641 semper
909 556 1031 624 evadat
1052 555 1142 623 ultra
1162 577 1299 623 onmem
1320 554 1453 624 finitum

358 665 602 752 designabilem
620 664 771 732 limitem.

427 775 531 862 Quod
553 785 667 843 autern
688 773 865 860 praefatus
889 773 1027 843 Clavius
1050 774 1132 843 satis
1155 795 1228 842 esse
1249 773 1454 860 judicaverit

358 883 535 952 veritatem
556 883 646 951 illius
667 883 830 969 assumpti
853 884 896 950 ad
918 883 1222 951 demonstrandum
1243 884 1453 952 Pronuncia-

357 1004 431 1063 tum
449 993 502 1060 hic
520 1003 795 1072 controversum;
814 992 1000 1059 condonari
1019 992 1054 1060 id
1073 993 1172 1061 debet
1190 1004 1452 1080 praeconceptae

358 1103 401 1170 ab
418 1103 493 1190 ipso
511 1101 631 1172 Clavio
648 1101 800 1189 opinioni
819 1101 908 1169 circa
927 1112 1035 1169 rectas
1053 1101 1158 1169 lineas
1177 1103 1450 1188 aequidistantes,

357 1212 540 1298 dequibus
562 1211 596 1278 in
618 1222 777 1296 sequente
799 1211 936 1280 Scholia
956 1211 1168 1278 commodius
1189 1232 1338 1299 agemus.

773 1457 975 1514 SCHOLION
996 1459 1033 1514 11.

356 1603 375 1670 I
376 1625 398 1670 n
416 1625 483 1690 qno
503 1601 706 1690 expenditur
722 1601 800 1670 idea
815 1601 1007 1671 Clarissimi
1029 1601 1104 1671 Viri
1120 1605 1143 1672 J
1144 1603 1265 1672 oannis
1282 1605 1452 1692 Alphansi

593 1711 723 1779 Borelli
738 1711 774 1778 in
789 1733 853 1780 sno
871 1712 1012 1780 Euclide
1029 1712 1209 1782 Restituta.

424 1861 574 1931 Accusat
588 1861 803 1930 doctissimus
817 1860 872 1929 hic
886 1860 1018 1930 Auctor
1033 1863 1220 1944 Euclidem,
1236 1866 1328 1951 quod
1343 1877 1450 1933 rectas

355 1973 461 2040 lineas
478 1971 655 2059 parallelas
673 1992 729 2038 eas
747 1992 820 2039 esse
837 1971 1038 2051 definiverit,
1057 1973 1197 2059 quaein
1213 1975 1332 2042 eodeni
1348 1977 1450 2061 plano

356 2079 540 2149 existentes
567 2101 637 2148 non
665 2090 871 2147 concurrunt
897 2081 942 2148 ad
970 2090 1131 2167 ntrasqne
1156 2093 1281 2170 partes,
1311 2083 1389 2152 licet
1414 2083 1450 2152 in

354 2187 524 2277 infinitum
561 2190 802 2276 producantur.
854 2189 1036 2258 Rationem
1074 2191 1298 2260 accusationis
1336 2193 1449 2274 affert,

355 2302 447 2387 quod
467 2298 545 2367 talis
569 2295 627 2362 [32]
652 2298 765 2385 passio
786 2297 903 2385 ignota
924 2299 985 2366 sit:
1008 2310 1079 2367 turn
1100 2299 1332 2388 qnia,·inquit,
1354 2303 1450 2390 iqno-

355 2431 481 2489 ramns,
501 2431 547 2475 an
565 2409 649 2475 tales
667 2407 775 2474 lineae
793 2406 946 2493 infinitae
964 2430 1034 2475 non
1053 2421 1292 2478 concurrentes
1310 2411 1452 2499 reperiri

355 2517 487 2605 possint
512 2516 549 2584 in
575 2527 714 2585 natura:
744 2527 815 2584 turn
843 2516 944 2584 etiarn
971 2516 1052 2604 qnia
1076 2517 1202 2604 infiniti
1227 2520 1451 2607 proprietates

355 2626 527 2715 percipere
553 2647 624 2694 non
649 2636 841 2713 possnnrns,
871 2636 905 2693 et
931 2624 1075 2713 proinde
1102 2650 1172 2696 nan
1199 2639 1250 2697 est
1278 2629 1452 2700 evidenter

355 2734 492 2823 capnita
513 2735 626 2823 passio
650 2733 830 2821 ejusmodi.
1128 2807 1130 2810 ,

426 2846 494 2914 Sed
514 2866 595 2931 pace
615 2843 700 2912 tanti
721 2843 798 2912 Viri
820 2844 948 2912 dictum
968 2844 1030 2912 sit:
1052 2846 1230 2933 Numquid
1251 2851 1449 2936 reprehendi

354 2965 465 3042 potest
488 2953 657 3032 Euclides
682 2954 773 3040 quod
797 2954 1001 3038 qnadratnnr
1031 2955 1087 3042 (ut
1110 2979 1217 3025 unum
1240 2957 1329 3027 inter
1353 2960 1450 3028 innu-

353 3086 448 3132 mera
468 3063 660 3149 exemplum
678 3062 874 3148 proferam)
901 3061 1092 3132 definiverit
1110 3087 1183 3135 esse
1201 3066 1349 3154 fianam
1368 3092 1450 3157 qna·

354 3171 561 3252 drilateranr,
579 3171 829 3258 aequilateram,
848 3174 1079 3258 rectanqnlarn
1088 3197 1096 3255 ;
1113 3196 1191 3242 curn
1208 3157 1361 3247 dubitari
1373 3201 1450 3266 pos-

354 3282 407 3362 sit,
428 3305 472 3350 an
490 3281 600 3368 figura
619 3281 789 3367 ejusmodi
809 3281 921 3349 locum
940 3281 1061 3349 habeat
1080 3283 1115 3350 in
1134 3287 1280 3354 natura?
1322 3289 1449 3375 Repre-

354 3391 466 3470 hendi,
488 3391 635 3477 inquam,
657 3390 858 3477 aequissime
877 3401 1007 3477 posset;
1028 3392 1066 3470 si,
1088 3403 1166 3461 ante
1185 3416 1322 3464 omnem
1342 3399 1449 3466 Prob-

353 3500 544 3568 lematicam
559 3499 861 3568 demonstrativam
877 3500 1173 3582 constructionem,
1192 3503 1337 3592 figuram
1353 3530 1449 3595 prae-

354 3610 479 3677 dictam
497 3609 734 3695 assumpsisset
752 3619 915 3694 tanquam
933 3611 1057 3677 datam.
1103 3611 1222 3698 Hujus
1241 3626 1356 3685 autem
1373 3617 1449 3686 vitii

352 3719 539 3787 immunem
565 3739 638 3786 esse
664 3717 842 3786 Euclidem
867 3740 912 3785 ex
938 3739 978 3787 eo
1004 3719 1188 3789 manifeste
1214 3722 1328 3810 liquet,
1356 3729 1448 3814 quod

292 3837 295 3842 '
353 3850 521 3915 nusquam
542 3827 727 3914 praesumit
748 3827 953 3913 quadratum
973 3849 994 3896 a
1016 3849 1052 3896 se
1073 3828 1260 3912 definitum,
1284 3834 1349 3902 nisi
1372 3849 1448 3923 post

354 3938 455 4024 Prop.
486 3937 541 4006 46.
572 3935 668 4004 Libri
698 3935 809 4023 primi,
840 3935 875 4004 in
905 3958 972 4023 qua
1001 3937 1240 4024 problematice
1269 3944 1377 4026 docet,
1408 3969 1448 4017 ac
