3148 5054
335 463 444 544 DAC,
462 475 496 533 et
513 461 561 532 sie
576 461 686 532 multo
701 460 815 531 minor
831 461 957 550 angulo
976 460 1097 540 DAM,
1116 460 1188 529 sive
1204 457 1335 540 LHM;
1352 479 1436 526 con·

335 585 389 644 tra
408 572 619 663 hypothesin.
665 571 797 641 Deinde
816 593 899 640 vero
916 571 1001 640 nihil
1019 570 1242 658 suffragatur,
1261 568 1355 656 quod
1374 590 1436 636 an-

335 683 435 774 gulus
456 683 554 752 DAF
574 680 704 752 infinite
724 703 844 769 parum
865 679 999 749 deficiat
1019 680 1062 748 ab
1081 679 1208 768 angulo
1229 677 1339 757 DAB,
1362 677 1436 745 sive

336 792 413 880 ejus
431 792 645 861 exactissime
663 791 795 879 aequali
814 789 922 868 DAC,
941 789 999 877 qui
1018 811 1155 859 rursum
1172 788 1284 858 solum
1301 786 1436 855 infinite

337 923 457 989 parum
474 912 651 988 superetur
666 901 709 969 ab
724 901 852 988 angulo
869 899 988 967 DAM.
1031 899 1123 966 Nam
1139 919 1271 984 semper
1287 896 1436 984 angulus

337 1011 446 1090 DAF,
473 1011 545 1079 sive
569 1011 680 1090 LHF,
708 1030 776 1077 non
802 1009 867 1077 erit
891 1007 1106 1100 exactissime
1132 1005 1281 1092 aequalis
1306 1006 1436 1092 angulo

337 1119 459 1200 DAM,
479 1119 550 1187 sive
568 1119 690 1197 LHM,
710 1130 829 1186 contra
847 1117 1059 1206 hypothesin.

407 1227 526 1316 Itaque
549 1239 682 1298 constat
704 1249 823 1296 omnes
847 1226 1037 1296 rectilineos
1060 1226 1204 1313 angulos
1228 1237 1337 1293 rectos
1362 1247 1437 1291 esse

338 1339 482 1406 invicem
501 1337 715 1408 exactissime
735 1337 901 1423 aequales,
920 1336 995 1404 sine
1015 1336 1085 1404 ullo
1104 1335 1241 1403 defectu
1261 1334 1364 1402 etiam
1384 1335 1437 1400 in-

340 1448 432 1516 finite
449 1469 565 1533 parvo.
608 1447 712 1534 Quod
729 1457 790 1514 etc.

737 1683 1034 1740 COROLLARIUM.

409 1820 494 1890 Inde
515 1833 629 1891 autem
650 1821 699 1900 fit,
722 1833 760 1890 ut
781 1842 867 1908 quae
889 1845 933 1889 ex
954 1842 1025 1890 uno
1046 1823 1127 1889 dato
1148 1820 1301 1906 cujusvis
1325 1830 1437 1887 rectae
1558 1885 1559 1894 ,

339 1931 446 1998 lineae
471 1941 596 2017 puncto
621 1931 943 2016 perpendiculariter
966 1931 1000 1998 in
1024 1931 1139 2016 aliquo
1163 1930 1265 2016 plano
1289 1930 1333 1997 ad
1357 1951 1439 2000 ean·
1557 1989 1559 1992 .

339 2041 417 2108 dem
437 2040 602 2120 educitur,
625 2041 697 2126 ipsa
718 2039 761 2108 sit
781 2041 817 2106 in
836 2062 878 2108 eo
898 2041 957 2108 tali
978 2040 1081 2126 plano
1101 2039 1201 2108 unica
1221 2038 1438 2106 exactissime
1558 2043 1559 2072 l

340 2149 428 2218 linea
445 2161 546 2227 recta,
564 2171 625 2216 nec
641 2161 761 2235 potens
777 2149 908 2216 diffindi
927 2150 962 2217 in
979 2151 1073 2218 duas.
1096 2143 1154 2212 [86]

339 2375 425 2443 Post
445 2374 593 2462 quinque
612 2375 800 2462 praemissa
820 2377 1007 2458 Lemmata,
1029 2398 1213 2462 eorumque
1234 2373 1438 2456 Corollaria,

408 2484 571 2572 propredi
586 2485 659 2572 jam
678 2485 782 2554 debeo
802 2487 846 2553 ad
863 2485 1166 2554 demonstrandum
1184 2483 1368 2571 principale

467 2605 678 2682 assumptum
702 2604 821 2662 contra
843 2594 1046 2684 hypothesin
1069 2594 1187 2680 eupuli
1209 2594 1308 2663 acuti.

411 2751 480 2821 Ubi
498 2763 646 2822 statuere
662 2775 812 2840 possum,
830 2764 994 2839 tanquam
1010 2775 1123 2840 perse
1140 2765 1269 2829 notum,
1288 2776 1357 2822 non
1373 2752 1439 2821 mi-

341 2883 406 2930 nus
425 2883 623 2949 repugnare,
643 2864 734 2950 quod
753 2864 841 2931 duae
860 2874 970 2932 rectae
989 2863 1097 2931 lineae
1122 2863 1213 2949 (sive
1231 2863 1277 2931 ad
1295 2863 1438 2942 finitam,

342 2971 413 3040 sive
432 2973 475 3040 ad
495 2970 663 3042 infinitam
681 2972 866 3041 earundem
885 2973 1162 3059 productionem)
1187 2973 1223 3040 in
1241 2995 1345 3042 unam
1363 2984 1440 3040 tan-

341 3081 429 3160 dem,
452 3082 660 3168 eandemque
682 3092 809 3150 rectam
829 3082 953 3150 lineam
974 3093 1112 3163 coeant;
1133 3104 1235 3168 quam
1256 3084 1348 3168 quod
1370 3103 1439 3150 una

342 3189 526 3277 eademque
546 3190 635 3260 linea
656 3202 746 3260 recta
773 3191 863 3279 (sive
884 3192 928 3260 ad
949 3191 1089 3270 finitam,
1113 3191 1183 3260 sive
1205 3194 1248 3260 ad
1271 3191 1439 3259 infinitam

341 3298 498 3385 ejusdem
511 3299 819 3387 continuationem)
839 3301 874 3368 in
888 3303 973 3369 duas
988 3311 1095 3369 rectas
1109 3300 1216 3369 lineas
1229 3300 1438 3380 diffindatur,

342 3419 461 3476 contra
488 3412 691 3495 praecedens
718 3409 863 3477 Lemma
889 3411 1085 3490 secundum,
1114 3409 1258 3497 ejusque
1285 3410 1439 3480 Corolla-

343 3517 441 3587 rium.
489 3517 662 3606 Quoniam
683 3540 767 3605 ergo
787 3528 929 3588 naturae
951 3519 1059 3588 lineae
1082 3531 1192 3588 rectae
1220 3521 1283 3607 (ex
1304 3541 1439 3606 praece-

343 3627 443 3696 dente
468 3627 581 3697 Corol.
608 3627 757 3714 proximi
781 3628 987 3713 Lemmatis)
1017 3629 1210 3716 oppositum
1235 3629 1352 3698 itidem
1376 3640 1438 3709 est,

343 3738 435 3822 quod
447 3738 534 3806 duae
548 3748 658 3808 rectae
670 3738 779 3806 lineae
791 3739 835 3807 ad
848 3760 963 3817 unum,
979 3738 1134 3824 idemque
1148 3749 1311 3826 punctum
1324 3739 1440 3826 cujus-

343 3847 423 3914 dam
435 3847 555 3915 tertiae
569 3858 689 3926 rectae,
700 3847 993 3934 perpendiculares
1007 3847 1071 3934 ipsi
1085 3847 1152 3916 sint
1166 3849 1200 3916 in
1214 3849 1335 3917 eodem
1348 3869 1440 3917 com-

343 3955 437 4024 muni
456 3956 576 4044 plano;
594 3979 777 4044 agnoscere
795 3967 930 4044 oportet
948 3968 1111 4044 tanquam
1130 3957 1283 4027 absolute
1303 3959 1438 4038 falsam,

344 4065 423 4152 quia
445 4077 688 4154 repugnantem
710 4078 853 4135 naturae
874 4066 1074 4153 praedictae,
1098 4067 1301 4154 hypothesin
1323 4068 1439 4156 anguli

344 4175 444 4255 acuti,
467 4175 568 4262 juxta
588 4197 690 4262 quarn
711 4177 798 4244 duae
820 4175 896 4244 illae
917 4175 996 4255 AX,
1019 4176 1084 4243 ΒΧ
1111 4155 1185 4264 (fig.
1211 4176 1286 4264 33.)
1314 4177 1349 4246 in
1370 4199 1441 4247 uno

867 4325 912 4366 204
