3148 5054
326 471 401 520 sum
421 448 512 520 idem
530 449 665 531 valebit,
685 449 713 518 si
734 450 823 520 idem
843 450 1110 539 quadrilaterum
1129 452 1268 521 mistum
1289 451 1423 521 ANFC

326 559 458 629 utrovis
484 560 590 629 modo
618 561 799 647 superponi
841 560 1048 649 intelligatur
1076 561 1183 630 cuivis
1212 561 1423 648 reliquorum

327 669 634 757 quadrilaterorum
661 691 769 757 usque
797 671 841 738 ad
881 670 992 758 ipsum
1021 670 1184 740 inclusive
1212 682 1423 758 postremum

327 779 594 866 quadrilaterum
612 779 736 848 BDFI.
779 778 899 866 Itaque
916 780 1061 867 angulus
1079 780 1185 866 ipsius
1204 779 1267 849 Ac
1286 803 1364 849 cum
1382 803 1423 848 ea

327 909 433 956 curva
447 889 597 974 aequalis
614 898 665 957 est
681 887 823 976 singulis
840 889 917 957 hinc
934 890 1013 957 inde
1030 890 1074 958 ad
1090 901 1215 976 puncta
1232 891 1271 970 F,
1290 890 1362 958 sive
1378 891 1423 958 ad

326 1007 489 1083 punctum
509 999 553 1077 K,
574 1008 633 1067 aut
653 1008 815 1084 punctum
835 999 879 1078 D,
901 999 1150 1084 praedictarum
1170 1000 1424 1086 perpendicula·

328 1107 417 1175 rium
435 1106 569 1194 angulis
588 1129 666 1176 cum
685 1109 803 1177 eadem
822 1130 935 1176 curva.

397 1216 539 1284 Constat
553 1216 631 1284 hinc
644 1218 792 1285 secundo
806 1218 962 1304 aequales
976 1217 1184 1286 adamussim
1198 1218 1286 1287 inter
1298 1241 1335 1287 se
1348 1241 1422 1286 esse

327 1325 500 1411 portiones
528 1325 633 1412 ipsius
660 1348 784 1395 curvae
810 1327 854 1394 ab
882 1326 955 1395 istis
983 1327 1315 1414 perpendicularibus
1343 1328 1422 1396 hinc

327 1434 406 1502 inde
422 1433 595 1503 abscissas.

398 1543 435 1614 Si
453 1566 536 1632 ergo
554 1544 644 1613 basis
663 1545 727 1613 AB
746 1545 857 1615 divisa
875 1545 919 1614 sit
937 1545 1100 1614 bifariam
1119 1546 1154 1613 in
1174 1549 1224 1626 M,
1244 1557 1278 1615 et
1296 1548 1423 1615 medie-

327 1663 379 1722 tas
395 1653 470 1722 AM
486 1653 649 1723 bifariam
664 1655 699 1723 in
715 1655 763 1736 L;
778 1665 852 1724 tum
868 1657 1039 1742 quadrans
1055 1656 1127 1724 LM
1143 1656 1306 1725 bifariam
1322 1657 1358 1724 in
1376 1658 1422 1737 P;

327 1774 427 1850 atque
449 1763 498 1832 ita
518 1764 554 1831 in
575 1763 755 1843 infinitum,
778 1765 992 1850 procedendo
1015 1787 1147 1852 semper
1168 1788 1287 1834 versus
1308 1777 1422 1853 partes

326 1873 441 1959 puncti
462 1874 520 1954 M;
539 1873 706 1943 constabit
725 1872 836 1953 tertio,
857 1874 960 1942 etiarn
979 1897 1120 1943 curvam
1139 1875 1240 1944 CKD
1258 1875 1422 1944 bifariam

327 1981 434 2051 dividi
456 1981 491 2050 in
512 1984 547 2049 K
568 2005 588 2050 a
608 1983 877 2070 perpendiculari
900 1985 985 2062 MK,
1007 1985 1224 2053 medietatem
1245 1985 1311 2054 CK
1332 1985 1423 2054 bifa-

328 2091 414 2160 riam
431 2091 549 2160 itidem
564 2091 671 2160 dividi
689 2092 723 2159 in
740 2093 770 2160 F
787 2115 807 2161 a
824 2093 1092 2180 perpendiculari
1109 2093 1180 2173 LF,
1198 2096 1423 2180 quadrantem

327 2201 393 2268 FK
410 2200 573 2269 bifariam
590 2201 625 2268 in
643 2202 672 2269 F
690 2225 711 2271 a
728 2202 995 2289 perpendiculari
1015 2204 1092 2284 PF;
1110 2214 1211 2290 atque
1228 2204 1276 2273 ita
1294 2204 1330 2272 in
1347 2204 1423 2271 infi-

327 2309 445 2388 nitum,
469 2313 683 2396 procedendo
704 2333 836 2399 semper
857 2312 1077 2380 uniformiter
1098 2334 1216 2382 versus
1237 2324 1350 2400 partes
1373 2314 1423 2400 ip-

328 2418 397 2487 sius
410 2419 525 2505 puncti
539 2421 583 2488 K.

397 2529 570 2616 Quoniam
587 2529 722 2598 veroin
741 2528 805 2598 ista
823 2530 913 2598 basis
931 2530 994 2599 AB
1013 2531 1048 2598 in
1067 2531 1236 2600 infinitum
1255 2532 1423 2601 divisione
1482 2575 1484 2578 -

330 2633 389 2702 [⁹21
418 2637 633 2707 considerare
657 2660 837 2725 possumus
864 2662 936 2709 rem
961 2640 1136 2709 devenisse
1161 2643 1205 2710 ad
1231 2642 1422 2728 portionem

327 2747 432 2833 ipsius
458 2747 522 2816 AB
547 2748 678 2816 infinite
703 2771 854 2835 parvam,
880 2770 966 2836 quae
992 2771 1112 2836 nempe
1137 2750 1337 2820 exhibeatur
1361 2774 1423 2838 per

326 2856 541 2927 latitudinem
555 2857 685 2926 infinite
699 2880 841 2946 parvam
856 2858 1141 2945 perpendicularis
1151 2861 1238 2940 MK,
1255 2860 1424 2930 constabit

327 2977 449 3053 quarto
472 2967 535 3054 (ex
551 2966 737 3053 praemisso
754 2967 945 3054 axiomate)
968 2967 1153 3057 aequalitas
1170 2970 1300 3039 intenta
1315 2969 1423 3040 totius

327 3075 416 3143 basis
434 3076 497 3144 AB
515 3098 592 3145 cum
608 3088 682 3145 tota
697 3098 802 3145 curva
819 3077 929 3157 CKD,
948 3079 1030 3164 dum
1047 3078 1131 3147 alias
1149 3081 1326 3147 ostendam
1344 3102 1423 3166 por-

327 3185 455 3254 tionem
477 3185 606 3255 infinite
628 3208 769 3272 parvam
790 3187 973 3255 abscissam
994 3210 1039 3255 ex
1059 3188 1132 3257 basi
1154 3189 1218 3257 AB
1240 3212 1261 3258 a
1282 3212 1425 3277 perpen-

214 3301 217 3306 '
327 3293 469 3364 diculari
494 3296 571 3364 MK
594 3295 768 3381 aequalem
791 3318 864 3363 esse
887 3297 1095 3365 adamussim
1119 3299 1266 3383 portioni
1292 3299 1424 3368 infinite

314 3398 461 3490 parvae,
486 3427 588 3491 quam
611 3405 730 3473 eadem
752 3405 1038 3492 perpendicularis
1061 3407 1228 3496 abscindit
1250 3431 1294 3476 ex
1317 3432 1424 3478 curva

328 3514 436 3583 CKD.
479 3515 524 3582 Et
541 3515 605 3582 hoc
621 3513 758 3600 quidem
775 3527 984 3600 postremum
1001 3515 1049 3584 sic
1065 3518 1272 3586 demonstro,

397 3623 489 3692 Nam
517 3623 586 3691 RK
612 3623 898 3710 perpendicularis
927 3624 990 3710 ipsi
1019 3626 1096 3694 KM
1123 3637 1241 3715 tanget
1275 3627 1337 3712 (ex
1365 3629 1422 3698 35.

327 3731 451 3819 hujus)
471 3756 611 3802 curvam
626 3733 662 3802 in
677 3734 722 3813 K,
739 3745 839 3819 atque
854 3733 901 3802 ita
916 3735 1058 3802 eandem
1073 3746 1189 3822 tanget
1206 3737 1241 3804 in
1257 3738 1301 3816 K,
1318 3750 1356 3806 ut
1371 3738 1425 3805 in·

327 3853 380 3912 ter
394 3841 503 3929 ipsam
517 3852 713 3930 tangentem
735 3844 798 3931 (ex
814 3843 892 3940 Cor.
910 3853 987 3931 post
1003 3843 1056 3912 36.
1075 3844 1198 3931 hujus)
1221 3857 1255 3914 et
1270 3869 1424 3929 curvam,

327 3973 371 4020 ex
384 3961 505 4020 neutra
516 3962 612 4038 parte
624 3952 728 4021 locari
743 3951 849 4039 possit
863 3963 963 4032 recta,
978 3975 1065 4039 quae
1078 3952 1186 4039 ipsam
1199 3977 1339 4024 curvam
1352 3979 1425 4028 non
