3184 5054
322 445 325 452 ¹
343 487 380 534 se
394 464 512 552 ipsam,
529 465 588 532 sed
602 466 646 532 ad
661 463 807 532 alterum
821 463 954 541 dicitur,
970 462 1132 531 nimirum
1147 465 1191 531 ad
1205 461 1380 548 quoddam
1394 461 1442 530 al-

343 586 455 644 terum
470 573 505 641 in
519 576 640 642 eodem
652 596 731 642 cum
745 573 818 659 ipsa
832 574 933 660 plano
948 571 1097 640 existens
1113 582 1275 659 punctum
1290 571 1334 650 A,
1349 572 1441 658 quod

344 695 395 753 est
413 683 568 770 ejusdem
587 694 749 751 centrum.
794 683 1013 769 Consequens
1032 682 1137 768 igitur
1155 691 1216 760 est,
1236 691 1338 768 prout
1356 680 1442 769 opti·

349 789 467 861 [³⁷]me
498 793 751 860 demonstratur
782 814 802 859 a
833 791 963 870 Clavi0,
995 793 1087 877 quod
1126 789 1216 858 linea
1254 791 1376 860 FBCL
1407 791 1442 856 in

343 903 466 970 codem
486 924 563 970 cum
584 902 643 970 illa
663 901 766 989 plano
786 901 983 980 consistens,
1006 913 1039 969 et
1061 901 1161 987 cujus
1182 900 1298 969 omnia
1319 911 1443 986 puncta

345 1010 571 1100 aequidistent
590 1033 611 1080 a
630 1011 802 1097 praedicta
823 1010 1026 1090 MDHNM‚
1049 1011 1092 1078 sit
1112 1021 1145 1078 et
1164 1011 1238 1097 ipsa
1257 1010 1442 1088 circularis,

346 1120 508 1189 nimirum
533 1121 690 1189 omnibus
716 1119 786 1188 suis
813 1120 944 1206 punctis
970 1120 1200 1206 aequidistans
1226 1143 1247 1188 a
1272 1120 1444 1192 communi

345 1240 464 1298 centro
479 1229 521 1298 A.
562 1229 665 1316 Quod
681 1230 771 1297 enim
787 1231 861 1308 BD,
878 1252 964 1316 quae
980 1229 1023 1298 sit
1038 1229 1250 1298 continuatio
1264 1229 1299 1298 in
1316 1242 1444 1297 rectum

347 1339 452 1426 ipsius
476 1338 551 1418 AB,
576 1339 620 1407 sit
642 1360 803 1408 mensura
826 1339 1007 1407 distantiae
1031 1339 1120 1407 illius
1144 1339 1259 1425 puncti
1285 1340 1314 1406 B
1338 1340 1381 1408 ab
1405 1363 1445 1407 ea

346 1448 501 1516 circulari
516 1449 721 1526 MDHNM‚
738 1470 781 1516 ex
795 1471 836 1516 eo
850 1459 983 1517 constat
992 1471 1000 1528 ;
1015 1449 1094 1534 quia
1115 1449 1178 1534 (ex
1193 1446 1223 1515 7.
1239 1447 1342 1527 tertii,
1357 1471 1444 1536 quae

275 1590 277 1596 ,
348 1568 399 1626 est
419 1557 647 1644 independens
669 1581 689 1626 a
710 1558 942 1626 Pronunciato
963 1559 1017 1626 hic
1037 1559 1277 1644 controverso)
1303 1557 1446 1626 minima

348 1667 502 1736 omnium
520 1667 593 1754 ipsa
611 1678 671 1746 est,
690 1689 777 1753 quae
794 1668 837 1735 ab
854 1689 895 1735 eo
913 1678 1039 1754 puncto
1057 1668 1092 1734 in
1110 1690 1185 1736 eam
1203 1668 1446 1736 circumferen-

348 1776 433 1846 tiam
446 1777 566 1845 cadere
581 1776 721 1863 possint.
747 1776 844 1845 Idem
859 1776 949 1845 valet
964 1778 1006 1844 de
1021 1777 1159 1863 reliquis
1175 1778 1252 1856 CH,
1270 1778 1345 1856 LN,
1363 1778 1444 1845 FM.

349 1885 523 1973 Quoniam
549 1885 655 1974 igitur
679 1897 712 1953 et
737 1896 829 1954 totae
855 1885 941 1965 AM,
969 1885 1047 1964 AD,
1075 1886 1146 1954 ΑΗ
1173 1886 1330 1973 aequales
1356 1897 1446 1966 sunt,

349 2006 466 2081 utpote
482 1995 568 2087 radii
584 2017 628 2062 ex
642 1989 759 2062 centro
775 1995 808 2061 A
823 1996 868 2064 ad
883 1995 1093 2081 suppositam
1108 1996 1234 2064 lineam
1249 1996 1447 2064 circularem

236 2159 239 2166 .
351 2105 563 2185 MDHNM;
583 2115 683 2190 atque
704 2103 784 2171 item
804 2105 960 2190 aequales
981 2117 1059 2172 sunt
1080 2105 1247 2174 abscissae
1267 2106 1349 2184 FM,
1371 2107 1446 2182 BD,

351 2215 429 2308 CH,
454 2213 530 2292 LN,
555 2235 641 2300 quae
665 2235 785 2300 nempe
808 2235 968 2285 mensura
991 2225 1070 2282 sunt
1093 2215 1243 2300 aequalis
1267 2215 1448 2284 distantiae

351 2322 505 2391 omnium
523 2333 727 2409 punctorum
746 2323 835 2391 illius
855 2323 962 2391 lineae
982 2324 1134 2392 FBCLF
1154 2325 1196 2392 ab
1215 2347 1255 2392 ea
1274 2325 1449 2412 supposita

351 2432 440 2500 linea
455 2431 610 2500 circulari
628 2432 839 2513 MDHNM;
855 2453 1063 2518 consequens
1080 2432 1178 2519 plane
1194 2445 1255 2512 est,
1272 2445 1311 2502 ut
1327 2457 1449 2520 aequa-

352 2540 400 2608 les
420 2541 547 2627 pariter
566 2541 634 2609 sint
655 2541 809 2609 residuae
829 2541 903 2620 AF,
924 2542 998 2621 AB,
1021 2541 1094 2622 AC,
1116 2542 1189 2621 AL,
1212 2566 1251 2611 ac
1271 2555 1450 2631 propterea

352 2650 426 2736 ipsa
435 2650 541 2718 etiam
553 2650 642 2719 linea
655 2650 807 2720 FBCLF
821 2651 884 2720 sub
896 2652 1016 2720 eodem
1029 2662 1146 2720 centro
1159 2652 1193 2719 A
1207 2652 1380 2722 circularis
1395 2653 1448 2723 sit.

427 2759 603 2846 Numquid
613 2771 727 2829 autem
739 2759 970 2839 uniformiter,
981 2762 1024 2828 ad
1034 2762 1347 2842 demonstrandum,
1358 2766 1451 2850 quod

353 2869 442 2937 linea
465 2869 538 2940 DC,
557 2868 632 2956 (fig.
656 2869 733 2955 21.)
760 2892 801 2938 eo
822 2869 882 2938 tali
905 2881 1001 2938 motu
1024 2870 1139 2957 genita
1161 2893 1181 2939 a
1202 2883 1328 2958 puncto
1351 2875 1384 2940 D
1407 2873 1451 2941 sit

354 2977 442 3046 linea
462 2989 562 3057 recta,
584 2978 666 3047 satis
685 2979 749 3046 erit
768 2978 1030 3064 aequidistantia
1049 2980 1202 3048 omnium
1223 2981 1328 3067 ipsius
1348 3005 1452 3069 punc-

354 3100 468 3156 torum
491 3111 512 3155 a
534 3087 687 3174 subjecta
710 3099 801 3156 recta
824 3088 911 3156 AB?
958 3087 1065 3157 Nullo
1086 3091 1199 3158 modo.
1248 3091 1340 3161 Nam
1363 3093 1451 3161 linea

275 3213 278 3219 “
356 3207 447 3264 recta
467 3197 592 3266 dicitur
611 3197 763 3266 absolute
784 3199 827 3265 ad
849 3219 884 3264 se
905 3197 1023 3283 ipsam,
1045 3198 1115 3266 sive
1136 3199 1171 3266 in
1192 3222 1227 3267 se
1248 3200 1330 3285 ipsa,
1352 3202 1452 3268 nimi·

299 3348 300 3354 κ
356 3328 432 3376 rum
453 3307 500 3374 ita
520 3329 690 3394 exaequo
710 3307 829 3393 jacens
848 3305 938 3374 inter
955 3329 1018 3375 suo
1038 3318 1172 3395 puncto,
1194 3332 1233 3376 ac
1253 3311 1452 3395 praesertim

355 3426 518 3495 extrema,
536 3427 573 3484 ut
588 3415 801 3485 manentibus
818 3416 892 3485 istis
908 3416 1057 3487 immotis
1073 3429 1218 3504 nequeat
1234 3418 1307 3505 ipsa
1324 3420 1452 3490 revolvi

357 3516 400 3593 ad
423 3526 657 3612 occupandum
679 3547 806 3592 novum
829 3525 950 3594 locum.
999 3525 1074 3592 Nisi
1099 3527 1182 3594 haec
1203 3528 1317 3615 passio
1335 3529 1454 3617 ‘aliquo

357 3645 456 3721 pacto
481 3635 732 3705 demonstretur
756 3636 798 3704 de
822 3657 862 3703 ea
887 3635 960 3712 DC,
987 3657 1162 3721 nunquam
1186 3637 1354 3707 constabit
1378 3661 1454 3708 eam
