3148 5054
333 389 467 460 niendis
485 388 617 477 punctis
637 389 726 458 inter
743 399 868 476 puncta
887 388 926 467 C,
946 398 979 456 et
998 388 1044 467 K,
1063 386 1154 457 idem
1172 387 1275 455 etiam
1294 385 1434 454 unifor-

334 500 436 570 miter
452 500 542 568 valet
560 521 623 586 pro
641 498 852 567 inveniendis
869 496 1003 584 punctis
1021 497 1109 564 inter
1127 507 1252 583 puncta
1269 497 1314 574 Κ,
1334 505 1370 564 et
1388 495 1433 572 D,

336 609 461 678 scilicet
489 605 675 677 cur-isssslva
704 608 814 686 CKD,
845 628 1006 675 enascens
1034 629 1078 673 ex
1107 605 1285 693 hypothesi
1315 604 1434 692 anguli

334 718 435 798 acuti,
457 728 509 786 est
530 718 618 786 linea
640 717 788 804 iungens
809 715 1041 785 extremitates
1063 715 1216 785 omnium
1239 714 1434 801 aequalium

337 827 653 916 perpendiculorum
669 849 770 914 super
785 828 904 895 eadem
919 826 992 895 basi
1008 847 1127 894 versus
1142 827 1285 894 eandem
1301 835 1435 911 partem

336 948 536 1016 erectorum,
555 959 641 1024 quae
660 937 776 1022 utique
794 936 909 1004 venire
927 946 1071 1024 possunt
1088 934 1151 1003 sub
1169 935 1306 1002 nomine
1325 945 1435 1002 recta-

338 1070 414 1116 rum
428 1046 612 1115 ordinatim
626 1046 888 1133 applicatarum
903 1055 963 1124 est,
980 1045 1129 1130 inquam,
1145 1044 1234 1112 linea
1249 1043 1434 1131 ejusmodi,

337 1179 423 1243 quae
445 1167 583 1243 propter
604 1155 722 1242 ipsam,
744 1179 789 1224 ex
809 1177 877 1241 qua
897 1155 1057 1232 nascitur,
1080 1154 1295 1241 hypothesim
1316 1153 1434 1240 anguli

337 1266 437 1344 acuti,
461 1287 593 1352 semper
615 1276 665 1332 est
688 1287 772 1332 cava
793 1285 912 1333 versus
934 1274 1048 1351 partes
1070 1263 1319 1350 contrapositae
1342 1262 1435 1330 basis

338 1375 411 1443 AB.
461 1375 567 1462 Quod
593 1374 730 1460 quidem
756 1375 820 1443 hoc
846 1373 921 1441 loco
948 1372 1199 1452 declarandum,
1226 1395 1266 1440 ac
1294 1373 1436 1439 demon-

338 1486 516 1554 strandum
533 1483 667 1552 anobis
685 1492 767 1552 erat.

695 1755 936 1814 PROPOSITIO
954 1755 1076 1812 XXXV.

269 1922 275 1928 ·
339 1883 381 1954 Si
394 1908 438 1953 ex
453 1884 603 1971 quolibet
617 1895 741 1972 puncto
758 1885 787 1952 L
804 1883 894 1954 buris
908 1885 973 1952 AB
991 1883 1173 1954 ordinatim
1189 1879 1376 1972 applicetur
1391 1887 1436 1954 ud
1546 1915 1549 1968 v

431 2016 505 2062 eam
522 2016 660 2062 curvam
676 1995 706 2064 C
707 1995 777 2061 KD
794 2004 886 2062 recta
900 1995 978 2062 LF:
995 1993 1082 2062 Dico
1099 2004 1226 2062 rectum
1241 1996 1278 2062 N
1279 1995 1345 2061 FX
1360 2005 1435 2080 per-

430 2102 682 2190 pendicularem
698 2102 765 2191 ipsi
779 2105 840 2171 LF
857 2105 978 2173 cadere
995 2113 1101 2172 totum
1119 2128 1163 2172 ex
1179 2114 1322 2190 utroque
1339 2115 1436 2190 purte
1548 2189 1549 2198 ἵ

432 2213 554 2281 debere
567 2235 687 2281 versus
700 2223 814 2300 partes
829 2235 999 2282 convexus
1014 2214 1168 2300 ejusdem
1185 2237 1318 2295 curvae,
1335 2225 1436 2301 atque
1548 2237 1549 2240 ’

431 2320 508 2390 ideo
531 2345 605 2390 eam
626 2322 706 2410 fore
727 2322 882 2409 ejusdem
904 2345 1027 2391 curvae
1049 2333 1252 2410 taupentem.

410 2464 683 2533 Demonstratur.
731 2464 769 2534 Si
791 2464 882 2532 enim
904 2464 977 2533 fieri
999 2475 1119 2552 potest,
1142 2468 1241 2535 cadat
1263 2469 1435 2553 quoddam

341 2584 504 2660 punctum
524 2573 558 2640 X
586 2573 660 2661 (fig.
683 2572 758 2660 43.)
784 2573 890 2660 ipsius
912 2575 1012 2642 NFX
1034 2575 1123 2643 intra
1143 2576 1324 2645 cavitatem
1344 2576 1436 2663 ejus-

341 2684 419 2752 dem
436 2705 568 2752 curvae.
612 2682 821 2751 Demittatur
838 2706 881 2751 ex
898 2695 1023 2769 puncto
1041 2685 1074 2752 X
1092 2686 1137 2753 ad
1153 2685 1262 2753 basim
1279 2685 1343 2754 ΑΒ
1362 2708 1437 2772 per-

341 2792 567 2879 pendicularis
584 2793 658 2870 XP,
676 2814 762 2879 quae
778 2804 949 2878 protracta
965 2815 1025 2880 per
1040 2793 1074 2862 X
1091 2806 1246 2863 occurrat
1261 2818 1385 2864 curvae
1401 2795 1436 2863 in

342 2903 491 2988 quodam
506 2913 632 2988 puncto
648 2902 688 2969 R.
728 2902 807 2988 Jam
822 2900 879 2969 sic.
920 2902 962 2969 In
977 2902 1208 2989 quadrilatero
1223 2904 1351 2972 LFXP
1367 2927 1436 2973 non

342 3010 406 3079 erit
426 3011 570 3098 angulus
590 3011 625 3078 in
644 3022 769 3097 puncto
788 3012 822 3079 X
842 3023 900 3080 aut
920 3022 1040 3091 rectus,
1062 3024 1120 3081 aut
1139 3014 1297 3083 obtusus:
1319 3015 1438 3083 Caete-

343 3142 420 3188 rum
442 3120 505 3206 (ex
523 3118 552 3189 5.
571 3132 604 3189 et
620 3121 651 3188 6.
670 3120 795 3206 hujus)
817 3122 1048 3189 destrueretur
1065 3144 1224 3208 praesens
1241 3124 1438 3210 hypothesis

342 3230 457 3316 anguli
474 3230 573 3298 acuti.
604 3231 698 3317 Ergo
715 3230 906 3316 praedictus
923 3231 1067 3317 angulus
1084 3231 1149 3299 erit
1164 3244 1291 3300 acutus,
1321 3233 1439 3318 Quare

344 3339 407 3407 erit
424 3340 487 3407 PX
509 3339 572 3425 (ex
588 3340 666 3408 Cor.
684 3339 710 3406 Ι.
728 3350 804 3426 post
820 3341 849 3408 3.
868 3339 992 3426 hujus)
1013 3351 1045 3408 et
1061 3339 1108 3408 sic
1124 3341 1232 3409 multo
1248 3343 1358 3430 magis
1375 3344 1439 3412 PR

343 3447 458 3534 major
480 3448 553 3534 ipsa
573 3449 643 3516 LF.
693 3451 772 3517 Hoc
795 3460 908 3517 autem
931 3449 1116 3517 absurdum
1139 3461 1189 3517 est
1219 3451 1281 3536 (ex
1304 3473 1439 3537 praece-

344 3557 462 3644 dente)
482 3569 601 3626 contra
615 3570 773 3626 naturam
787 3557 884 3627 istius
899 3580 1030 3627 curvae.
1071 3557 1191 3644 Itaque
1207 3559 1264 3628 illa
1280 3561 1346 3628 NF
1360 3585 1440 3648 pro
