3174 5050
689 508 930 569 PROPOSITIO
943 506 1026 564 v111.

312 659 409 727 Doto
427 657 549 746 quovis
571 656 741 743 trionqnlo
771 655 847 744 (fio.
873 654 924 741 7.)
951 653 1063 734 ΑΒΕ,
1087 651 1284 738 rectonynio
1306 647 1344 718 in
1364 647 1406 730 B,

403 769 624 855 protrahatur
639 765 704 833 DA
723 766 890 853 usquead
905 762 1043 850 olionod
1059 769 1220 849 punctum
1237 758 1282 840 X,
1299 767 1333 827 et
1347 768 1408 845 per

366 872 369 876 ’
404 877 436 943 Α
459 877 611 964 eriyotnr
629 875 696 961 ipsi
714 874 779 941 AB
800 871 1086 962 perpendicularis
1105 869 1220 950 HAC,
1242 867 1408 938 existente

404 997 529 1072 puncto
545 987 584 1054 H
599 988 643 1054 od
656 997 770 1072 portes
786 983 903 1070 annuli
917 982 1027 1050 ΧΑΒ.
1067 979 1154 1048 Dico
1172 979 1333 1064 ononinm
1350 999 1407 1046 er-

408 1107 539 1165 ternnm
559 1095 668 1163 XAH
686 1097 860 1181 aequalem
877 1093 968 1180 sore,
988 1101 1046 1159 ont
1064 1090 1241 1169 minorem,
1261 1097 1320 1156 ont
1337 1109 1407 1154 mo·
1432 1112 1435 1118 ’

405 1207 517 1292 jorem
532 1206 676 1285 interno,
692 1215 725 1272 et
740 1203 894 1289 opposito
909 1201 1020 1282 ΑΗΒ,
1035 1209 1136 1286 prout
1149 1221 1233 1268 vero
1245 1197 1290 1266 sit
1304 1199 1409 1286 hypo·
1494 1267 1496 1272 ,

407 1314 512 1383 thesis
524 1314 642 1401 onynli
654 1313 746 1394 recti,
761 1323 821 1381 ont
833 1310 950 1398 arronii
963 1309 1084 1390 obtusi,
1099 1319 1158 1377 ont
1171 1306 1289 1394 onynli
1301 1305 1408 1375 uenti:

407 1425 455 1492 Et
470 1422 629 1493 vicissim.
736 1480 739 1484 .

208 1673 211 1680 .
387 1607 674 1675 Demonstratur.‘
708 1605 928 1693 Sumatur'in
951 1605 1019 1674 HC
1041 1604 1154 1691 portio
1176 1601 1239 1672 Ac
1262 1599 1410 1688 aequalis

317 1715 381 1801 ipsi
400 1715 474 1795 BD,
492 1715 724 1803 jungaturque
742 1715 815 1784 CD.
858 1714 935 1783 Erit
953 1714 1027 1793 CD,
1046 1713 1081 1780 in
1100 1709 1277 1799 hypothesi
1295 1710 1410 1797 anguli

318 1826 409 1903 recti,
427 1825 576 1910 aequalis
598 1826 661 1913 (ex
676 1825 777 1892 tertia
793 1823 917 1910 hujus)
939 1823 1001 1910 ipsi
1019 1822 1092 1890 AB.
1135 1821 1252 1909 Quare
1267 1818 1412 1907 angulus

318 1934 417 2001 ADB
438 1934 587 2020 aequalis
607 1935 671 2003 erit
696 1935 759 2020 (ex
778 1945 899 2002 octava
918 1933 1038 2019 primi)
1064 1931 1191 2018 angulo
1211 1929 1320 2008 DAC,
1341 1929 1412 1997 sive

319 2043 396 2130 ejus
436 2045 566 2130 aequali
605 2044 668 2129 (ex
699 2043 948 2129 decimaquinta
979 2042 1098 2128 primi)
1135 2040 1262 2128 angulo
1292 2038 1409 2106 XAH.

319 2154 422 2240 Quod
441 2165 513 2221 erat
530 2153 642 2239 primo
660 2154 735 2221 loco
753 2153 1065 2221 demonstrandum.
1170 2189 1174 2196 ·

389 2264 488 2342 Tum,
510 2263 544 2330 in
565 2263 741 2349 hypothesi
762 2263 877 2349 anguli
897 2261 1019 2339 obtusi,
1040 2261 1104 2329 erit
1124 2261 1188 2329 CD
1213 2260 1276 2347 (ex
1295 2261 1413 2327 eadem

319 2373 419 2440 tertia
437 2372 561 2458 hujus)
583 2372 696 2440 minor
713 2372 786 2458 ipsa
804 2371 877 2438 ΑΒ.
919 2371 1036 2458 Quare
1054 2370 1089 2437 in
1106 2368 1285 2456 triangulis
1303 2367 1412 2446 ADB.

321 2481 419 2550 DAC
437 2481 501 2549 erit
525 2481 588 2568 (ex
606 2481 890 2569 vigesimaquinta
907 2478 1028 2567 primi)
1051 2479 1195 2567 angulus
1215 2477 1324 2557 Duc,
1344 2477 1414 2546 sive

327 2591 409 2678 (ipsi
435 2592 479 2659 ad
504 2590 684 2677 verticem)
716 2590 834 2669 XAH,
861 2590 974 2657 minor
999 2588 1126 2676 angulo
1152 2587 1259 2656 ADB.
1311 2586 1415 2675 Quod

321 2711 393 2768 erat
411 2703 560 2769 secundo
577 2700 653 2769 loco
671 2701 982 2768 demonstrandum.

391 2811 555 2888 Tandem,
572 2808 606 2877 in
620 2809 797 2897 hypothesi
812 2808 927 2896 anguli
942 2808 1042 2887 acuti,
1057 2808 1122 2876 erit
1136 2808 1200 2877 CD
1220 2808 1283 2894 (ex
1297 2808 1414 2876 eadem

321 2920 422 2988 tertia
446 2919 571 3006 hujus)
600 2919 716 3006 major
739 2917 969 3004 contraposita
995 2917 1068 2985 ΑΒ.
1119 2917 1234 3005 Quare
1260 2917 1296 2984 in
1320 2938 1416 3003 prae-

323 3028 421 3097 dictis
444 3028 634 3116 triangulis
649 3029 724 3096 erit
754 3028 817 3114 (ex
841 3029 959 3095 eadem
983 3026 1270 3114 vigesimaquinta
1291 3025 1411 3113 primi)

323 3138 467 3225 angulus
486 3137 595 3216 DAC,
617 3137 688 3205 sive
713 3137 796 3222 (ipsi
816 3139 859 3204 ad
880 3136 1059 3223 verticem)
1085 3135 1203 3214 XAH,
1225 3134 1339 3222 major
1358 3157 1417 3204 an·

324 3247 406 3335 gulo
422 3247 530 3314 ADB.
574 3246 676 3334 Quod
694 3257 767 3315 erat
784 3245 885 3315 tertio
903 3246 979 3314 loco
995 3246 1306 3314 demonstrandum.

393 3355 555 3424 Vicissim
574 3366 705 3425 autem:
725 3356 753 3422 si
773 3355 918 3442 angulus
938 3355 1046 3434 cAD‚
1067 3355 1139 3423 sive
1157 3354 1234 3442 ejus
1253 3357 1297 3424 ad
1316 3354 1418 3423 verti-

324 3489 397 3535 cem
422 3465 540 3545 XAH,
565 3465 715 3552 aequalis
739 3465 783 3533 sit
807 3464 950 3544 interm,
976 3476 1009 3532 et
1033 3464 1195 3550 opposito·
1214 3464 1331 3540 ADB;
1355 3464 1419 3532 erit

331 3576 394 3662 (ex
408 3586 530 3662 quarta
544 3574 664 3662 primi)
684 3575 808 3661 juncta.
818 3575 882 3644 CD
898 3573 1046 3660 aequalis
1062 3573 1125 3660 ipsi
1141 3573 1215 3653 AB,
1231 3595 1271 3642 ac
1285 3583 1420 3662 propte·

329 3681 387 3749 [11]
401 3707 459 3753 rea
491 3685 554 3770 (ex
580 3694 701 3771 quarta
727 3683 851 3770 hujus)
883 3705 964 3752 vera
990 3682 1054 3751 erit
1080 3683 1277 3769 hypothesis
1304 3682 1418 3772 anguli

327 3795 417 3863 recti.
