3148 5054
314 421 350 468 se
374 399 483 486 ipsam
507 397 665 486 congruit
687 419 766 467 eum
789 395 986 466 definitione
1010 395 1149 482 propria
1172 393 1279 482 ipsius
1303 393 1419 462 lineae
1545 359 1547 420 ἓ

316 519 436 578 rectae.
476 506 593 596 Quare
607 527 780 576 assumere
794 507 880 576 duas
896 515 1005 574 rectas
1020 504 1127 573 lineas
1142 503 1205 573 sub
1219 503 1286 572 ista
1299 503 1418 590 oequi-

316 615 499 687 distantiae
516 616 647 686 ratione
665 615 754 685 inter
771 636 808 684 se
823 616 1004 701 parallelos
1022 613 1160 682 fallacia
1176 623 1237 692 est,
1257 635 1361 699 quam
1382 612 1418 678 in

319 726 493 816 praedicta
522 747 600 794 mea
629 725 760 814 Logica
790 724 923 812 appello
954 720 1176 811 Definitionis
1205 723 1420 809 complexae,
1546 695 1548 728 Ε

316 836 419 924 juxta
435 857 539 922 quam
556 834 674 904 irritus
691 844 742 904 est
759 833 871 904 omnis
888 854 1090 921 progressus
1107 835 1152 901 ad
1169 833 1419 919 assequendam

318 944 497 1014 veritatem
515 943 669 1013 absolute
686 943 799 1012 talem.

388 1053 506 1123 Unam
525 1063 640 1122 tamen
662 1073 837 1138 superesse
857 1053 969 1121 adhuc
989 1051 1091 1120 video
1111 1050 1337 1119 necessariam
1358 1049 1421 1118 ot»

320 1162 556 1232 servationem.
611 1161 703 1230 Nam
729 1161 855 1230 lineam
882 1161 1084 1249 jungentem
1110 1171 1266 1228 extrema
1292 1170 1421 1247 puncta

319 1271 473 1340 omnium
487 1270 679 1358 aequalium
691 1271 1019 1358 perpendiculorum,
1033 1291 1120 1357 quae
1133 1269 1169 1336 in
1182 1269 1422 1356 eodemplano

321 1401 440 1449 versus
465 1381 603 1449 easdem
627 1391 740 1466 partes
765 1380 942 1468 erigantur
966 1401 988 1448 a
1013 1378 1156 1466 singulis
1181 1377 1315 1465 punctis
1341 1378 1422 1446 sub

321 1489 431 1576 jectae
456 1501 567 1558 rectae
590 1489 699 1558 lineae
722 1489 797 1568 AB,
822 1489 945 1557 debere
968 1509 1042 1558 esse
1065 1498 1100 1556 et
1123 1488 1299 1574 aequalem
1323 1508 1422 1573 prae·

321 1597 432 1668 dictae
446 1597 521 1677 AB,
537 1608 571 1667 et
587 1619 724 1668 rursum
739 1597 774 1666 in
790 1597 901 1685 seipsa
915 1607 1052 1678 rectam,
1071 1597 1173 1666 fateri
1189 1618 1308 1666 omnes
1323 1597 1423 1664 voln-

321 1727 408 1776 mus.
457 1707 525 1778 Sed
548 1707 626 1776 dico
647 1707 741 1793 prius
764 1729 837 1776 esse
859 1709 950 1794 apud
973 1728 1047 1786 nos,
1071 1708 1163 1793 quod
1185 1705 1336 1792 aequalis
1359 1705 1424 1786 sit;

323 1816 446 1884 deinde
459 1826 583 1895 autem,
598 1817 690 1902 quod
705 1827 805 1885 recta.
834 1817 922 1886 Cum
937 1816 1028 1884 enim
1043 1814 1177 1902 singula
1191 1826 1316 1902 puncta
1330 1814 1424 1882 illius

324 1935 435 1994 rectae
452 1924 517 1993 AB
536 1924 679 2012 intelligi
698 1925 829 2012 possint
848 1947 982 2012 semper
999 1924 1221 2013 aequabiliter
1238 1924 1423 2010 procedere
1550 1961 1552 2020 ἐ

324 2055 472 2120 persua
497 2034 555 2103 illa
580 2033 820 2120 perpendicula
845 2035 889 2103 ad
918 2035 1138 2103 formandam
1163 2034 1303 2103 tandem
1328 2032 1422 2101 illam

323 2142 592 2229 qualemcunque
618 2143 699 2225 CD;
724 2143 949 2212 manifestum
974 2143 1084 2211 videri
1110 2143 1219 2221 debet,
1246 2144 1338 2229 quod
1364 2140 1423 2209 illa

323 2251 567 2338 qualiscunque
587 2251 701 2340 genita
720 2253 785 2322 CD
805 2253 955 2338 aequalis
975 2253 1019 2321 sit
1038 2253 1149 2321 eidem
1169 2251 1252 2332 AB;
1271 2271 1423 2338 praeser-

326 2359 391 2428 tim
420 2381 514 2440 vero,
546 2361 575 2429 si
607 2361 827 2449 respiciamus
857 2361 1119 2448 explicationem
1160 2372 1356 2430 contentam
1385 2361 1422 2426 in
1552 2369 1553 2408 l

328 2469 467 2540 Scholio
486 2469 532 2538 11.
553 2481 630 2557 post
653 2467 728 2535 [101]
751 2470 940 2540 XXXVII.
962 2471 1078 2557 hujus,
1100 2469 1157 2540 ubi
1176 2471 1242 2538 hoc
1261 2481 1422 2556 punctum

326 2578 512 2648 clarissime
533 2580 804 2648 demonstratum
824 2591 884 2648 est.

398 2688 467 2758 Sed
486 2701 605 2776 postea
624 2711 750 2777 magna
770 2690 881 2759 adhuc
903 2701 1008 2757 restat
1028 2689 1208 2758 difficultas
1228 2689 1265 2757 in
1285 2692 1423 2758 demon-

328 2799 479 2877 strando,
505 2800 598 2884 quod
622 2798 680 2866 illa
703 2799 823 2866 eadem
847 2797 895 2866 sic
920 2799 1035 2886 genita
1059 2799 1123 2868 CD
1147 2820 1218 2867 non
1242 2798 1308 2866 nisi
1333 2808 1424 2866 recta

328 2905 418 2974 linea
437 2906 490 2975 sit
536 2906 651 2993 Atque
670 2906 749 2976 hinc
771 2908 902 2976 factum
921 2928 995 2976 esse
1015 2919 1108 2994 put0,
1130 2918 1168 2977 ut
1188 2930 1233 2975 ex
1253 2907 1423 2976 communi

328 3017 477 3101 quadam
504 3015 723 3102 persuasione
752 3027 879 3084 rectam
907 3015 1042 3097 lineam,
1072 3038 1135 3104 pro
1165 3016 1320 3085 faciliore
1347 3037 1425 3102 pro-

329 3145 459 3212 gressu,
485 3124 667 3194 maluerint
693 3147 918 3212 praesumere,
945 3137 983 3194 ut
1009 3125 1087 3194 inde
1113 3126 1289 3213 aequalem
1313 3135 1425 3194 osten-

330 3235 449 3302 derent
466 3233 514 3300 illi
531 3234 603 3302 basi
622 3234 697 3314 ΑΒ,
715 3256 755 3303 ac
771 3245 889 3320 postea
906 3235 1076 3303 inferrent
1093 3246 1203 3303 rectos
1220 3223 1364 3322 angulos
1382 3235 1427 3302 ad

330 3342 439 3429 ipsam
458 3344 562 3412 talem
580 3343 781 3431 jungentem
801 3343 874 3414 CD.
921 3344 1008 3412 Dico
1028 3355 1142 3413 autem
1159 3366 1321 3431 mopnom
1340 3342 1427 3429 diffie

330 3451 508 3521 cultatem:
525 3453 617 3520 Nam
632 3453 726 3538 prius
741 3454 931 3540 expendere
947 3454 1125 3539 oportebat
1139 3464 1208 3523 tres
1224 3453 1427 3541 hypotheses

330 3561 421 3630 circa
438 3562 582 3649 angulos
600 3563 645 3631 ad
663 3561 757 3630 illam
774 3562 930 3649 junctam
947 3573 1075 3631 rectam
1094 3562 1168 3642 cl),
1188 3563 1350 3632 nimirum
1368 3574 1428 3631 aut

332 3681 452 3750 rectos,
470 3671 499 3738 si
513 3670 588 3757 ipsa
601 3670 752 3758 aequalis
767 3671 811 3740 sit
825 3671 898 3740 basi
914 3671 997 3753 AB;
1012 3669 1071 3740 aut
1086 3672 1237 3752 obtusos,
1253 3673 1282 3740 si
1298 3671 1431 3753 minor;
