3174 5050
768 571 971 630 SCHOLION
993 570 1014 626 Ι.

438 703 507 773 Ubi
528 704 708 771 observare
730 702 807 770 licet
827 701 975 769 notabile
996 699 1178 768 discrimen
1199 699 1241 768 ab
1261 697 1438 785 hypothesi

345 813 460 900 anguli
477 812 575 881 acuti.
618 812 710 880 Nam
727 812 762 879 in
779 812 843 880 ista
859 809 1085 880 demonstrari
1102 809 1257 895 nequiret
1274 806 1440 895 generalis

346 922 544 1009 hujusmodi
573 933 740 990 rectarum
767 941 971 1000 concursus,¹
989 919 1121 1006 quoties
1148 929 1239 985 recta
1265 917 1378 1003 aliqua
1405 917 1439 982 in

345 1034 431 1100 duas
459 1033 620 1110 incidens,
650 1033 736 1099 duos
764 1032 808 1098 ad
835 1030 971 1098 easdem
999 1039 1111 1115 partes
1140 1027 1261 1096 efficiat
1290 1027 1440 1094 internos

346 1142 489 1229 angulos
508 1142 640 1210 duobus
659 1141 758 1209 rectis
776 1140 926 1207 minores
936 1163 944 1219 ;
963 1138 1127 1226 nequiret,
1146 1137 1295 1224 inquam,
1315 1136 1441 1204 directe

348 1251 585 1330 demonstrari,
617 1250 749 1318 etiamsi
780 1250 817 1316 in
847 1251 965 1317 eadem
996 1248 1173 1335 hypothesi
1206 1247 1442 1314 admitteretur

346 1361 539 1448 praedictus
559 1360 725 1448 generalis
744 1380 938 1438 concursus,
959 1357 1090 1445 quoties
1110 1379 1198 1426 unus
1217 1357 1364 1425 duorum
1383 1377 1442 1423 an·

348 1470 507 1558 gulorum
532 1480 583 1538 est
610 1480 728 1538 rectus.
780 1467 947 1556 Quamvis
974 1467 1064 1536 enim
1091 1477 1182 1535 recta
1208 1466 1276 1533 AD
1302 1487 1443 1551 perpen-

349 1579 508 1648 dicularis
523 1589 556 1647 et
572 1580 646 1665 ipsa
663 1579 753 1646 foret
770 1589 879 1646 rectae
896 1576 960 1645 ΑΡ
969 1599 977 1658 ;
993 1599 1061 1664 quo
1076 1598 1157 1665 casu
1172 1575 1326 1662 nequiret
1341 1584 1442 1652 certe,

348 1700 486 1776 propter
512 1687 562 1756 17.
584 1684 698 1774 primi,
722 1709 922 1755 concurrere
945 1708 1023 1755 curn
1045 1687 1152 1754 altera
1174 1685 1443 1771 perpendiculari

350 1799 426 1880 PL;
445 1798 665 1866 nihilominus
685 1799 754 1866 duo
773 1797 873 1865 simul
893 1795 1008 1883 anguli
1029 1795 1143 1873 DAX,
1165 1794 1276 1872 PXA,
1293 1795 1444 1862 minores

351 1908 466 1975 forent
486 1907 618 1975 duobus
640 1907 748 1985 rectis,
771 1907 872 1992 juxta
893 1905 1107 1992 hypothesim
1127 1903 1344 1991 praedictam,
1367 1923 1444 1971 cum

349 2018 384 2084 in
398 2040 439 2086 ea
453 2019 522 2085 duo
537 2017 637 2085 simul
651 2017 766 2104 anguli
783 2015 891 2094 PAX,
910 2014 1009 2084 ΡΧΑ
1023 2015 1172 2082 minores
1188 2015 1255 2082 sint
1276 2015 1338 2101 (ex
1354 2035 1444 2081 nona

350 2126 473 2213 hujus)
500 2149 571 2195 uuo
591 2137 691 2194 recto.
739 2126 780 2193 Id
802 2137 915 2193 autem
936 2125 1133 2194 observasse
1155 2146 1277 2210 operae
1299 2123 1445 2210 pretium

353 2237 428 2305 fuit.

420 2346 576 2433 Qualiter
596 2367 680 2413 vero
701 2368 745 2412 ex
767 2367 808 2412 eo
830 2345 903 2438 solo
925 2345 1075 2412 admisso
1097 2344 1245 2431 generali
1268 2364 1443 2411 concursu.
1568 2361 1571 2366 “

352 2457 433 2524 dum
450 2477 538 2524 unus
556 2455 761 2542 angulorum
778 2466 829 2522 est
848 2448 1021 2532 rectus'et
1039 2453 1175 2539 quidem
1194 2454 1256 2521 sub
1274 2453 1446 2540 assignata

352 2565 597 2652 quantumlibet
624 2585 730 2650 parva
756 2563 933 2643 incidente,
962 2563 1089 2631 destrui
1117 2562 1224 2650 possit
1250 2563 1453 2650 hypothesis,

352 2674 468 2762 anguli
483 2673 590 2754 acuti;
604 2673 799 2742 docebimus
814 2684 890 2759 post
904 2683 973 2740 tres
988 2683 1165 2758 sequentes
1181 2671 1444 2758 Propositiones.

770 2852 972 2910 SCHOLION
992 2852 1029 2908 II.

424 2980 465 3047 In
496 2980 604 3049 tribus
635 2993 713 3049 ante
744 2981 844 3068 jactis
874 2982 1093 3051 theorematis
1124 2983 1275 3052 studiose
1306 2983 1447 3069 apposui

354 3089 447 3157 illam
475 3090 714 3168 conditionem,
743 3093 835 3177 quod
864 3103 955 3160 recta
983 3091 1134 3160 incidens
1163 3092 1237 3171 ΑΡ,
1267 3093 1338 3161 sive
1368 3091 1448 3171 XA,

354 3198 563 3286 intelligatur
581 3221 653 3267 esse
672 3200 899 3286 quantaelibet
918 3199 1115 3287 desideratae
1133 3199 1364 3289 longitudinis.
1412 3201 1448 3271 Si

354 3307 454 3386 enim,
478 3308 563 3376 citra
584 3330 720 3377 omnem
743 3321 853 3377 rectae
874 3309 1052 3379 incidentis
1075 3310 1335 3380 determinatam
1357 3335 1450 3380 men·

355 3437 480 3496 suram,
506 3419 656 3505 praecise
680 3429 802 3506 agatur
825 3421 868 3487 de
891 3420 1093 3499 exhibendo,
1120 3442 1159 3488 ac
1184 3409 1450 3489 demonstrando

355 3528 501 3595 duarum
517 3539 686 3596 rectarum
701 3549 868 3596 concursu
883 3528 918 3596 in
935 3529 1064 3614 apicem
1080 3529 1260 3616 cujusdam
1277 3531 1448 3618 trianguli,

356 3636 456 3722 cuius
476 3633 534 3700 [18]
554 3637 669 3724 anguli
686 3639 730 3705 ad
747 3638 855 3705 basim
872 3639 939 3706 sint
956 3639 1026 3707 dati
1049 3638 1217 3725 (minores
1234 3640 1350 3727 utique
1367 3625 1450 3710 duo-

357 3747 419 3814 bus
441 3745 559 3834 rectis)
586 3757 624 3815 ut
645 3757 727 3832 puta
748 3769 836 3815 unus
859 3759 979 3827 rectus,
1002 3759 1035 3816 et
1057 3749 1142 3816 alter
1165 3749 1296 3818 duobus
1318 3761 1450 3821 tantum
