3148 5054
328 455 406 504 cum
420 433 479 502 illo
493 443 620 520 puncto
634 432 754 502 altiore
769 432 939 520 majorem
953 432 1117 520 angulum
1132 431 1334 500 effecturam
1348 453 1428 500 eum

328 543 402 630 ipsa
420 541 495 622 AB,
514 563 616 630 quam
635 541 678 611 sit
695 541 840 630 angulus
859 540 963 609 BAP.
1006 540 1120 629 Atque
1138 541 1185 611 ita
1203 562 1336 628 semper
1354 541 1429 608 sine

328 653 399 722 ullo
412 651 560 722 termino
575 651 767 720 intrinseco.
808 651 924 740 Quare
939 652 1084 739 angulus
1100 650 1200 718 BAX
1222 651 1324 738 (dum
1339 650 1430 718 scili·

288 744 293 754 ¹
328 773 381 830 cet
401 761 475 848 ipsa
495 761 573 840 AX,
595 772 629 830 et
649 782 781 848 semper
801 762 939 829 accedat
959 762 1003 830 ad
1023 782 1099 829 eam
1120 760 1195 839 ΒΧ,
1217 771 1251 829 et
1271 782 1341 828 non
1360 761 1429 828 nisi

329 873 373 940 ad
391 869 559 938 infinitam
576 870 773 939 distantiam
791 870 826 937 in
844 869 987 939 eandem
1003 869 1150 956 incidat)
1172 869 1237 938 erit
1253 870 1351 937 limes
1368 891 1431 936 ex-

329 979 494 1049 trinsecus
511 991 688 1049 acutorum
704 979 858 1048 omnium
874 979 1088 1068 angulorum,
1099 979 1163 1048 sub
1178 978 1300 1067 quibus
1317 990 1430 1048 rectae

329 1090 469 1159 eductae
487 1112 531 1157 ex
549 1090 607 1158 illo
624 1100 750 1176 puncto
769 1088 802 1156 Α
819 1091 863 1158 ad
882 1088 1013 1157 finitam
1030 1088 1228 1158 distantiam
1245 1100 1430 1158 occurrunt

329 1198 521 1286 praedictae
536 1199 610 1266 BX.

702 1421 944 1481 PROPOSITIO
961 1421 1055 1479 XXX,

330 1557 449 1628 Cuivis
463 1558 663 1629 terminatae
670 1560 736 1628 ΑΒ
750 1559 886 1629 insistat
899 1563 943 1630 ad
956 1560 1233 1648 perpendiculum
1254 1562 1330 1648 (pq.
1347 1561 1425 1646 36.)

422 1671 589 1755 quaedam
615 1669 793 1756 indefinita
816 1671 892 1738 BX.
943 1669 1031 1740 Dico
1057 1670 1168 1758 primo
1194 1680 1322 1740 rectam
1347 1671 1429 1750 AY,

422 1777 746 1865 perpendiculariter
763 1781 928 1848 elevatam
947 1802 1067 1848 versus
1084 1789 1199 1866 partes
1218 1781 1354 1849 easdem
1372 1803 1431 1848 su·

422 1898 484 1973 per
503 1887 562 1956 illa
580 1888 658 1969 ΑΒ,
677 1889 758 1976 fore
778 1887 919 1957 limitem
941 1911 1047 1958 unum
1068 1889 1288 1958 intrinsecum
1311 1912 1429 1958 earum

350 1983 353 1991 ’
425 1996 588 2078 omnium,
610 2019 696 2084 quae
718 2021 762 2066 ex
782 1997 840 2067 illo
861 2009 986 2085 puncto
1012 1993 1071 2063 [⁶⁵]
1095 1999 1128 2065 Α
1151 2021 1273 2067 versus
1293 2001 1429 2068 easdem

422 2116 537 2192 partes
558 2109 698 2176 eductae
719 2128 899 2176 commune
918 2106 1057 2200 aliquod
1084 2108 1206 2195 (juxta
1226 2107 1430 2197 hypothesin

424 2215 542 2300 cupuli
565 2215 674 2303 acuti)
705 2215 741 2285 in
766 2218 900 2286 duabus
924 2217 1093 2286 distinctis
1116 2217 1252 2305 punctis
1277 2216 1430 2287 obtinent

328 2327 330 2334 '
423 2325 699 2411 perpendiculum
722 2348 798 2394 cum
821 2328 928 2395 altera
948 2325 1126 2413 indefinita
1144 2328 1221 2395 BX.
1267 2325 1355 2396 Dico
1377 2350 1430 2396 se·

425 2437 535 2504 cundo
558 2436 688 2503 nullum
709 2435 789 2522 fore
810 2446 947 2504 acutum
969 2437 1132 2523 auqulum
1156 2435 1308 2505 omnium
1330 2435 1431 2505 ruini-

424 2567 529 2624 mum,
552 2546 614 2614 sub
637 2567 704 2632 quo
728 2547 850 2613 educta
872 2568 917 2612 eu
937 2544 1110 2632 praedicto
1133 2557 1258 2632 puncto
1281 2547 1312 2613 A
1338 2569 1431 2614 coru·

425 2676 526 2722 mune
540 2653 679 2740 aliquod
697 2655 819 2740 (juxta
830 2654 1038 2740 praedictam
1053 2655 1275 2743 hypothesin)
1295 2655 1331 2724 in
1346 2658 1431 2725 duo-

426 2764 489 2831 bus
515 2761 684 2832 distinctis
710 2762 844 2849 punctis
873 2763 1022 2832 obtineat
1047 2763 1324 2851 perpendiculum
1352 2788 1430 2833 cum

426 2873 543 2940 eadem
564 2872 640 2939 BX.

404 3031 667 3100 Demonstratur
691 3031 801 3118 prima
826 3053 913 3118 pars.
965 3032 1138 3120 Quoniam
1163 3035 1254 3102 enirn
1279 3034 1336 3103 illa
1361 3035 1429 3102 AY

334 3160 513 3208 commune
535 3140 665 3209 obtinet
687 3163 764 3210 cum
788 3142 894 3211 altera
918 3142 983 3210 ΒΧ
1006 3143 1283 3229 perpendiculum
1307 3144 1371 3212 AB
1396 3144 1430 3212 in
