3184 5054
324 473 504 550 propterea
545 472 691 548 quatuor
732 461 833 530 simul
874 461 1019 548 angulos
1059 459 1159 548 primi
1201 457 1422 546 quadrilateri

325 571 476 650 KLHK,
501 573 593 658 quod
616 571 754 657 quidem
777 571 812 638 in
836 572 899 639 hac
922 570 1054 640 ratione
1077 581 1252 638 ostensum
1275 580 1327 638 est
1350 589 1422 636 om-

324 680 420 750 nium
442 681 642 760 maximum,
666 680 780 749 minus
804 679 946 748 deficere
970 702 990 748 a
1013 689 1160 766 quatuor
1184 678 1294 758 rectis,
1319 699 1422 765 quam

324 790 369 859 sit
398 812 490 859 nona
519 779 598 877 pars
627 789 728 858 unius
759 789 850 858 recti.
907 790 1040 876 Quare;
1069 788 1301 874 multiplicatis
1331 788 1422 856 ultra
1476 820 1480 825 ·

324 899 507 986 quemlibet
526 899 765 987 assignabilem
785 899 919 968 finitum
938 920 1118 968 numerum
1138 899 1266 967 eisdem
1285 896 1422 985 quadri·

324 1009 450 1089 lateris,
474 1010 688 1097 procedendo
711 1030 844 1095 semper
865 1030 984 1077 versus
1006 1019 1120 1095 partes
1142 1019 1347 1094 punctorum
1370 1007 1422 1088 X;

324 1118 491 1187 constabit
506 1117 661 1187 similiter
680 1118 787 1206 (utin
802 1119 921 1186 eadem
935 1118 1139 1205 praecitata)
1160 1128 1306 1204 quatuor
1321 1117 1422 1185 simul

324 1227 468 1314 angulos
488 1228 617 1296 stabilis
636 1226 725 1296 illius
745 1227 965 1314 quadrilateri
985 1228 1127 1295 KHLK
1146 1228 1259 1295 minus
1279 1226 1422 1295 deficere

324 1359 345 1404 a
358 1349 505 1423 quatuor
518 1337 628 1416 rectis,
643 1359 745 1423 quam
758 1337 803 1404 sit
816 1337 983 1423 quaelibet
997 1335 1210 1425 assignabilis
1224 1337 1324 1406 unius
1340 1337 1420 1405 recti

324 1446 547 1532 portiuncula.
589 1446 700 1534 Igitur
716 1457 863 1532 quatuor
879 1446 979 1515 simul
997 1446 1043 1513 illi
1061 1446 1177 1532 anguli
1194 1446 1248 1514 vel
1265 1446 1422 1532 aequales

324 1567 424 1624 erunt
446 1566 593 1642 quatuor
617 1556 726 1636 rectis,
750 1555 804 1623 vel
827 1555 954 1624 eisdem
977 1556 1137 1644 majores.
1186 1558 1285 1624 Tunc
1308 1566 1422 1625 autem

330 1665 394 1751 (ex
415 1664 514 1734 XVI.
540 1665 664 1752 hujus)
693 1664 862 1734 stabilitur
884 1665 1081 1752 hypothesis
1105 1676 1164 1733 aut
1187 1666 1302 1751 anguli
1328 1665 1420 1744 recti,

324 1785 384 1843 aut
400 1774 516 1861 anguli
534 1774 645 1843 obtusi
655 1798 663 1855 ;
680 1796 719 1843 ac
736 1784 917 1860 propterea
939 1775 1003 1860 (ex
1019 1774 1062 1843 V.
1082 1785 1116 1842 et
1133 1774 1195 1844 VI.
1216 1775 1340 1863 hujus)
1365 1775 1422 1842 de·

325 1884 469 1952 struitur
485 1884 681 1971 hypothesis
698 1883 815 1970 anguli
832 1883 931 1952 acuti.

394 1990 514 2079 Itaque
535 2004 667 2061 constat
686 1992 818 2061 nullum
838 1992 911 2080 jam
935 1992 1010 2061 lore
1030 1994 1143 2062 locum
1163 1995 1340 2080 hypothesi
1363 2017 1422 2062 an·

325 2102 395 2190 guli
413 2102 513 2182 acuti,
532 2102 560 2169 si
578 2112 669 2170 recta
687 2102 755 2170 AX
773 2102 837 2170 sub
853 2102 977 2188 aliquo,
996 2113 1034 2171 ut
1051 2102 1141 2183 libet,
1160 2125 1266 2189 parvo
1284 2105 1419 2190 angulo

325 2212 446 2281 educta
467 2234 511 2279 ex
531 2222 656 2297 puncto
677 2210 711 2278 A
732 2211 837 2298 ipsius
859 2211 923 2279 AB
945 2234 1122 2280 occurrere
1143 2214 1282 2281 tandem
1304 2214 1423 2282 debeat

331 2321 471 2407 (saltem
498 2321 542 2389 ad
570 2320 738 2388 infinitam
767 2321 993 2424 distantiam).
1018 2321 1125 2390 cuivis
1153 2322 1422 2409 perpendiculari

326 2430 402 2509 ΒΧ,
420 2452 506 2517 quae
522 2431 567 2498 ad
583 2430 826 2516 quantamlibet
842 2430 943 2498 abeo
959 2441 1085 2516 puncto
1101 2431 1135 2497 A
1151 2431 1348 2500 distantiam
1364 2454 1423 2499 ex-

326 2539 423 2610 citari
442 2540 651 2627 intelligatur
668 2561 770 2626 super
786 2562 826 2608 ea
845 2539 1012 2608 incidente
1031 2539 1104 2607 AB.
1147 2541 1251 2628 Quod
1269 2553 1342 2610 erat
1359 2552 1421 2610 etc.

752 2751 956 2808 SCHOLION
976 2753 999 2808 1.

396 2896 443 2965 Et
455 2896 519 2964 hoc
532 2907 593 2976 est,
608 2898 700 2982 quod
713 2897 868 2983 praedixi
882 2898 917 2965 in
931 2898 1010 2968 Cor.
1022 2898 1068 2966 ΙΙ.
1084 2911 1160 2987 post
1174 2901 1290 2970 XXV.
1301 2901 1424 2988 hujus3

326 3004 458 3075 nullum
476 3005 602 3074 scilicet
620 3007 881 3093 superfuturum
898 3007 1011 3076 locum
1028 3010 1206 3096 hypothesi
1226 3006 1424 3099 an-l59lguli

327 3115 427 3194 acuti,
453 3136 513 3184 seu
538 3115 724 3185 stabilitum
748 3117 963 3186 exactissime
988 3117 1029 3184 iri
1055 3120 1285 3189 Geometriam
1310 3122 1425 3190 Eucli-

328 3225 465 3305 daeam;
479 3224 507 3291 si
523 3226 610 3293 duae
624 3226 791 3311 quaelibet
805 3226 840 3293 in
854 3227 974 3294 eodem
988 3228 1090 3315 plano
1104 3229 1288 3298 existentes
1303 3240 1422 3311 rectae,

327 3344 365 3404 ut
391 3345 473 3420 puta
498 3333 577 3413 AX,
605 3335 680 3414 BX,
708 3335 743 3402 in
768 3357 852 3421 quas
879 3335 1029 3404 incidens
1056 3348 1147 3406 recta
1173 3339 1237 3406 AB
1270 3341 1424 3427 (sumpto

328 3454 453 3532 puncto
473 3445 502 3511 B
521 3444 555 3511 in
574 3444 782 3530 quantalibet
800 3445 962 3513 distantia
981 3469 1002 3514 a
1020 3456 1145 3532 puncto
1164 3447 1216 3533 A)
1242 3449 1328 3518 duos
1347 3473 1424 3519 cum

328 3553 455 3621 eisdem
481 3556 524 3621 ad
549 3556 685 3622 easdem
710 3565 823 3640 partes
847 3565 1050 3640 punctorum
1075 3556 1109 3622 X
1134 3558 1278 3644 angulos
1303 3560 1426 3630 efficiat

327 3662 478 3732 minores
498 3663 630 3733 duobus
651 3663 768 3745 rectis;
788 3663 816 3732 si
844 3663 1021 3750 (inquam)
1047 3686 1215 3751 nusquam
1235 3668 1315 3736 alibi
1342 3671 1424 3756 (hoc
