3184 5054
364 455 421 523 [52]
451 472 598 547 quatuor
623 461 724 528 simul
750 460 884 547 angulis
910 460 1129 547 quadrilateri
1157 460 1313 538 KDHK‚
1341 458 1458 545 proxi-

359 569 477 638 mioris
490 569 601 637 eidem
614 570 685 638 basi
696 593 704 650 ;
717 570 817 656 cujus
830 570 948 638 itidem
961 569 1180 656 quadrilateri
1195 580 1342 656 quatuor
1356 567 1457 636 simul

359 680 475 767 anguli
494 679 645 765 majores
664 691 764 748 erunt
783 690 930 766 quatuor
949 680 1049 747 simul
1069 679 1203 766 angulis
1222 677 1456 764 subsequentis

360 810 478 856 versus
505 789 648 857 eandem
675 789 783 857 basim
810 789 1029 875 quadrilateri
1057 789 1215 856 KMDK.
1267 787 1382 872 Atque
1410 788 1455 853 ita

359 919 491 985 semper
514 919 620 984 usque
643 901 687 966 ad
710 898 869 966 ultimum
892 898 1159 985 quadrilaterum
1183 896 1331 975 KNAB‚
1356 897 1456 983 cujus

359 1007 475 1094 utique
493 1018 639 1094 quatuor
656 1007 757 1075 simul
775 1008 890 1095 anguli
909 1007 1040 1075 minimi
1061 1018 1169 1085 erunt,
1190 1007 1293 1074 relate
1312 1007 1356 1074 ad
1374 1028 1456 1092 qua·

357 1127 438 1185 tuor
446 1116 545 1184 simul
555 1117 699 1204 angulos
714 1116 927 1204 singulorum
941 1116 1194 1186 ascendentium
1204 1137 1322 1184 versus
1332 1126 1456 1202 puncta

359 1226 393 1292 X
413 1226 729 1312 quadrilaterarum.

428 1334 601 1422 Quoniam
623 1357 706 1404 vero
728 1347 779 1402 tot
802 1336 946 1404 aderunt
968 1336 1141 1421 praedicto
1163 1338 1267 1402 modo
1291 1335 1456 1402 recensita

358 1431 597 1530 quadrilatera}
623 1456 707 1531 quot
731 1456 811 1513 sunt
836 1456 969 1530 praeter
994 1445 1103 1512 basim
1129 1445 1192 1510 AB
1219 1445 1386 1514 demissae
1411 1467 1455 1511 ex

357 1553 490 1639 punctis
508 1553 612 1640 ipsius
630 1553 698 1621 AX
715 1555 758 1622 ad
777 1565 903 1622 rectam
920 1554 984 1620 BX
1002 1555 1313 1641 perpendiculares;
1330 1576 1455 1639 expen-

357 1663 468 1731 denda
486 1674 537 1730 est
555 1684 687 1732 summa
705 1663 858 1731 omnium
875 1663 975 1732 simul
993 1664 1206 1750 angulorum,
1226 1663 1285 1750 qui
1302 1684 1455 1750 compre-

357 1773 552 1840 henduntur
578 1772 613 1838 in
640 1771 706 1838 illis
732 1771 978 1856 quadrilateris.
1032 1775 1205 1840 Ponamus
1231 1793 1305 1840 esse
1331 1794 1455 1839 novem

357 1880 527 1966 ejusmodi
551 1881 845 1966 perpendiculares
868 1881 1042 1960 demissas,
1068 1903 1106 1948 ac
1129 1893 1308 1967 propterea
1331 1904 1454 1948 novem

358 1989 475 2058 itidem
502 1990 739 2076 quadrilatera.
794 1991 937 2059 Constat
971 1991 1033 2076 (ex
1062 1992 1113 2058 13.
1144 1991 1264 2076 primi)
1297 1991 1454 2076 aequales

357 2121 431 2166 esse
454 2110 601 2186 quatuor
626 2100 725 2167 rectis
750 2101 893 2186 angulos
918 2101 996 2167 hinc
1021 2100 1098 2167 inde
1124 2101 1385 2185 comprehensos
1410 2102 1455 2168 ad

357 2208 436 2276 bina
456 2219 581 2295 puncta
601 2209 736 2276 illarum
756 2221 834 2276 octo
855 2209 1192 2294 perpendicularium‚
1215 2232 1301 2296 quae
1323 2209 1455 2278 mediae

357 2317 493 2403 jaceant
513 2317 601 2386 inter
622 2319 729 2385 basim
751 2318 825 2396 AB,
848 2329 881 2386 et
904 2320 1120 2386 remotiorem
1142 2319 1454 2404 perpendicularem

357 2427 432 2494 LK.
478 2426 598 2513 Itaque
617 2449 751 2496 summa
770 2430 893 2495 horum
914 2428 1067 2496 omnium
1087 2429 1291 2514 angulorum
1313 2429 1377 2496 erit
1398 2429 1451 2496 32.

357 2547 536 2604 rectorum.
580 2537 724 2604 Restant
743 2537 812 2606 duo
830 2537 946 2624 anguli
966 2539 1010 2605 ad
1028 2537 1305 2622 perpendiculum
1324 2539 1400 2616 LK,
1421 2550 1455 2606 et

357 2647 425 2713 duo
444 2647 488 2714 ad
507 2645 614 2713 basim
634 2645 707 2713 ΑΒ.
752 2646 799 2713 At
818 2646 944 2733 anguli,
966 2669 1052 2714 unus
1072 2647 1209 2731 quidem
1228 2649 1272 2714 ad
1291 2659 1454 2732 punctum

358 2755 401 2832 K,
429 2766 462 2822 et
486 2755 572 2822 alter
598 2757 641 2823 ad
666 2767 829 2840 punctum
854 2757 894 2832 Β,
921 2767 1158 2841 supponuntur
1183 2757 1282 2835 recti;
1308 2758 1454 2843 angulus

356 2875 470 2933 autem
493 2867 536 2934 ad
558 2875 720 2950 punctum
742 2864 772 2930 L
800 2865 864 2949 (ex
886 2865 964 2933 Cor.
989 2876 1065 2950 post
1088 2865 1223 2931 XXIII.
1249 2866 1373 2950 hujus)
1403 2879 1454 2934 est

356 2973 505 3041 obtusus.
557 2974 776 3060 Quapropter
806 2974 927 3059 (etiam
953 2974 1106 3060 neglecto
1131 2976 1257 3060 angulo
1283 2987 1383 3042 acuto
1409 2977 1454 3042 ad

356 3094 517 3168 punctum
534 3083 586 3168 A)
609 3105 741 3150 summa
758 3083 911 3150 omniurn
927 3084 1140 3168 angulorum,
1160 3085 1216 3169 qui
1234 3087 1453 3170 comprehen-

356 3194 484 3260 duntur
507 3193 550 3260 ab
575 3192 640 3260 illis
664 3214 787 3260 novem
811 3192 1059 3277 quadrilateris
1085 3195 1224 3261 excedet
1250 3191 1303 3262 35.
1332 3205 1451 3262 rectos

358 3301 442 3369 Inde
473 3313 587 3369 autern
618 3302 665 3379 fit,
698 3313 735 3369 ut
766 3313 912 3386 quatuor
943 3302 1042 3369 simul
1073 3302 1188 3389 anguli
1232 3303 1453 3388 quadrilateri

357 3410 508 3488 KHLK,
528 3411 719 3478 remotioris
737 3434 758 3478 a
775 3410 857 3488 basi,
875 3411 988 3478 minus
1006 3411 1163 3478 deficiant
1180 3435 1200 3478 a
1218 3423 1364 3497 quatuor
1383 3435 1452 3480 rec-

355 3520 409 3598 tis,
433 3542 535 3605 quam
557 3520 600 3587 sit
621 3542 712 3587 nona
734 3542 812 3606 pars
834 3520 934 3588 unius
957 3520 1056 3600 recti;
1077 3532 1111 3587 et
1133 3521 1168 3587 id
1190 3521 1328 3606 quidem
1349 3522 1452 3591 etiam

355 3629 383 3696 si
405 3629 554 3714 aequalis
575 3629 686 3715 portio
707 3630 879 3715 praedicta
900 3630 1053 3697 omnium
1074 3630 1278 3715 angulorum
1300 3653 1453 3700 summae

355 3739 566 3826 contingeret
580 3739 722 3826 singulis
738 3739 802 3804 illis
818 3738 1063 3824 quadrilateris
1104 3740 1199 3826 Ergo
1213 3739 1326 3807 rninor
1341 3742 1451 3809 adhuc

356 3848 419 3916 erit
436 3847 625 3917 insinuatus
643 3849 807 3925 deiectus,
825 3870 901 3915 cum
919 3869 1052 3916 summa
1067 3859 1213 3934 quatuor
1229 3849 1329 3918 simul
1345 3873 1453 3939 angu-
