3184 5054
345 492 455 550 rectae
468 480 542 559 AC,
556 481 638 548 dum
652 471 777 546 scilic'et
791 479 935 564 angulus
949 477 1090 546 obtusus
1104 477 1148 544 ad
1162 485 1325 562 punctum
1337 473 1368 540 L
1381 493 1440 562 po

345 601 446 659 natur
462 589 646 658 consistere
661 609 780 656 versus
796 599 909 674 partes
925 586 1040 673 puncti
1058 585 1100 653 A.

415 699 559 769 Constat
580 698 685 786 igitur
707 708 815 765 rectas
838 696 912 775 Ac,
935 696 999 763 BD
1021 716 1200 763 commune
1222 694 1361 780 aliquod
1383 694 1441 761 ha·

345 810 474 878 bituras
491 830 563 876 esse
579 806 865 894 perpendiculum,
883 817 917 874 et
932 805 1070 892 quidem
1085 804 1175 872 intra
1191 803 1314 871 limites
1332 801 1442 888 desig-

346 919 435 987 natis
451 917 584 1004 punctis
601 916 644 996 A,
661 927 695 984 et
711 916 740 986 C
756 914 962 1002 praefinitos,
981 914 1113 1001 quoties
1130 913 1268 1001 junctae
1285 912 1360 992 AB,
1379 912 1442 981 CD

346 1029 381 1095 in
397 1029 517 1095 eodem
533 1026 635 1112 plano
649 1026 808 1104 existant,
826 1023 959 1110 sintque
975 1022 1268 1110 perpendiculares
1285 1021 1348 1109 ipsi
1367 1021 1439 1089 BD.

347 1137 450 1225 Quod
468 1147 542 1204 erat
558 1147 620 1204 etc.

709 1391 951 1449 PROPOSITIO
968 1389 1079 1447 XXIII.

348 1535 389 1606 Si
412 1537 500 1606 duae
523 1536 692 1624 quaelibet
715 1546 827 1606 rectae
850 1537 932 1618 AX,
956 1537 1024 1604 ΒΧ
1054 1536 1130 1624 (fip.
1156 1534 1232 1622 27.)
1263 1536 1299 1603 in
1324 1535 1443 1604 eodem

439 1648 541 1732 plano
555 1646 721 1729 existant;
734 1648 790 1715 vel
802 1669 908 1715 unum
923 1646 1060 1733 aliquod
1080 1645 1201 1733 (etiam
1215 1643 1252 1713 in
1265 1642 1445 1732 hypothesi

440 1756 558 1843 anpuli
575 1754 684 1842 acuti)
709 1777 887 1825 commune
907 1754 1059 1824 obtinent
1077 1754 1372 1843 perpendiculum·
1390 1755 1444 1822 vel

439 1865 476 1933 iu
503 1867 700 1935 alterutram
731 1867 872 1934 eandem
899 1875 1030 1953 partem
1057 1874 1260 1952 protractae,
1289 1861 1357 1932 nisi
1384 1861 1444 1932 ati·

439 1976 575 2062 quando
592 1976 637 2043 ad
651 1973 783 2062 finitam
799 1974 996 2046 distantiam
1012 1996 1082 2043 una
1096 1974 1133 2042 in
1149 1975 1290 2045 alteram
1306 1970 1443 2056 incidat,

439 2094 574 2171 semper
592 2084 702 2171 maqis
721 2085 766 2152 ad
783 2106 821 2152 se
840 2083 985 2152 invicem
1005 2084 1177 2152 accedunt.

419 2228 690 2296 Demonstratur.
735 2227 792 2294 Ex
811 2227 960 2314 quolibet
977 2238 1102 2314 puncto
1121 2227 1155 2295 A
1173 2226 1279 2313 ipsius
1299 2226 1368 2294 AX
1388 2228 1445 2295 de·

348 2335 504 2404 mittatur
521 2337 564 2404 ad
583 2346 709 2404 rectam
727 2337 792 2404 ΒΧ
810 2336 1096 2423 perpendicularis
1115 2336 1188 2404 AB.
1233 2337 1270 2406 Si
1289 2336 1363 2423 ipsa
1380 2335 1444 2404 BA

350 2444 471 2512 efficiat
501 2468 579 2514 cum
608 2445 677 2513 AX
708 2446 871 2531 angulum
902 2456 1041 2525 rectum,
1072 2446 1235 2516 habemus
1277 2446 1446 2514 intentum

349 2554 538 2622 communis
559 2554 796 2641 perpendiculi.
845 2556 1026 2624 Caeterum
1046 2577 1129 2624 vero
1150 2578 1190 2624 ea
1211 2565 1303 2624 recta
1323 2555 1445 2624 efficiat

349 2664 394 2731 ad
409 2663 607 2732 alterutram
622 2674 763 2750 partem,
781 2675 819 2732 ut
834 2675 915 2750 puta
929 2685 1049 2733 versus
1065 2675 1177 2751 partes
1192 2665 1308 2752 puncti
1324 2665 1369 2744 X,
1387 2687 1445 2733 an·

349 2773 467 2859 guium
487 2785 632 2841 acutum.
679 2773 798 2860 Itaque
818 2773 853 2841 in
872 2773 1046 2860 praedicta
1066 2785 1157 2842 recta
1178 2773 1246 2842 AX
1268 2773 1445 2862 designen-

349 2892 406 2950 tur
427 2881 516 2950 inter
537 2894 661 2968 puncta
683 2882 726 2962 A,
750 2893 783 2950 et
805 2883 840 2950 X
862 2883 1030 2970 quaelibet
1051 2894 1175 2969 puncta
1198 2884 1241 2963 D,
1266 2885 1314 2964 H,
1337 2884 1378 2964 L,
1402 2907 1446 2952 ex

350 2991 471 3077 quibus
495 2992 717 3061 demittantur
739 2993 783 3060 ad
807 3002 934 3061 rectam
958 2993 1023 3060 ΒΧ
1046 2993 1340 3080 perpendiculares
1365 2994 1444 3074 DK,

350 3101 433 3178 HK,
447 3101 523 3168 LK.
554 3102 590 3170 Si
606 3123 693 3170 unus
707 3101 829 3188 aliquis
843 3103 988 3189 angulus
1003 3104 1047 3170 ad
1061 3113 1186 3188 puncta
1200 3103 1243 3182 D,
1261 3104 1308 3182 H,
1323 3104 1355 3171 L
1368 3125 1446 3172 acu·

350 3221 404 3277 tus
425 3211 468 3277 sit
487 3232 606 3279 versus
626 3221 739 3296 partes
758 3211 873 3296 puncti
895 3211 937 3291 A,
959 3222 1092 3280 constat
1118 3212 1181 3298 (ex
1200 3213 1441 3300 praecedente)

350 3341 456 3387 unum
477 3319 615 3406 aliquod
636 3320 840 3389 adiuturum
860 3342 1039 3390 commune
1060 3321 1337 3408 perpendiculum
1359 3316 1449 3409 ipsa·¹

351 3450 428 3496 rum
451 3428 530 3506 AX,
557 3429 630 3496 ΒΧ.
682 3429 743 3498 Sin
767 3452 849 3498 vero
873 3429 984 3498 omnis
1009 3429 1207 3528 hujusmodi
1233 3432 1378 3519 angulus
1403 3432 1447 3501 sit

228 3574 229 3578 =
350 3537 464 3624 major
486 3548 603 3618 acut03
625 3539 678 3606 vel
700 3561 788 3607 unus
811 3538 932 3625 aliquis
953 3539 1018 3607 erit
1041 3550 1161 3619 rectus,
1185 3551 1218 3608 et
1240 3541 1288 3608 sic
1311 3563 1446 3610 rursum
