<?xml version="1.0" encoding="UTF-8"?>
<!DOCTYPE html PUBLIC "-//W3C//DTD XHTML 1.0 Transitional//EN"
    "http://www.w3.org/TR/xhtml1/DTD/xhtml1-transitional.dtd">
<html xmlns="http://www.w3.org/1999/xhtml" xml:lang="en" lang="en">
 <head>
  <title>
</title>
<meta http-equiv="Content-Type" content="text/html;charset=utf-8" />
  <meta name='ocr-system' content='tesseract 3.04.00' />
  <meta name='ocr-capabilities' content='ocr_page ocr_carea ocr_par ocr_line ocrx_word'/>
</head>
<body>
  <div class='ocr_page' id='page_1' title='image "./girolamosaccher00saccgoog_0084.png"; bbox 0 0 3174 5050; ppageno 0'>
   <div class='ocr_carea' id='block_1_1' title="bbox 292 460 1411 1643">
    <p class='ocr_par' dir='ltr' id='par_1_1' title="bbox 292 460 1411 1643">
     <span class='ocr_line' id='line_1_1' title="bbox 316 460 1409 548; baseline 0 -20"><span class='ocrx_word' id='word_1_1' title='bbox 316 460 459 530; x_wconf 84' lang='lat' dir='ltr'>Constat</span> <span class='ocrx_word' id='word_1_2' title='bbox 479 471 593 534; x_wconf 86' lang='lat' dir='ltr'>autem</span> <span class='ocrx_word' id='word_1_3' title='bbox 614 460 748 529; x_wconf 91' lang='lat' dir='ltr'>evenire</span> <span class='ocrx_word' id='word_1_4' title='bbox 770 461 805 530; x_wconf 93' lang='lat' dir='ltr'>id</span> <span class='ocrx_word' id='word_1_5' title='bbox 826 482 895 529; x_wconf 94' lang='lat' dir='ltr'>non</span> <span class='ocrx_word' id='word_1_6' title='bbox 915 483 1024 548; x_wconf 89' lang='lat' dir='ltr'>posse,</span> <span class='ocrx_word' id='word_1_7' title='bbox 1047 460 1112 529; x_wconf 89' lang='lat' dir='ltr'>nisi</span> <span class='ocrx_word' id='word_1_8' title='bbox 1133 472 1211 548; x_wconf 91' lang='lat' dir='ltr'>post</span> <span class='ocrx_word' id='word_1_9' title='bbox 1231 481 1409 530; x_wconf 85' lang='lat' dir='ltr'>occursum</span> 
     </span>
     <span class='ocr_line' id='line_1_2' title="bbox 316 568 1406 658; baseline -0.002 -21"><span class='ocrx_word' id='word_1_10' title='bbox 316 568 421 657; x_wconf 90' lang='lat' dir='ltr'>ipsius</span> <span class='ocrx_word' id='word_1_11' title='bbox 437 569 652 638; x_wconf 81' lang='lat' dir='ltr'>continuatae</span> <span class='ocrx_word' id='word_1_12' title='bbox 669 570 737 637; x_wconf 91' lang='lat' dir='ltr'>AD</span> <span class='ocrx_word' id='word_1_13' title='bbox 753 570 788 638; x_wconf 93' lang='lat' dir='ltr'>in</span> <span class='ocrx_word' id='word_1_14' title='bbox 804 571 977 657; x_wconf 88' lang='lat' dir='ltr'>quoddam</span> <span class='ocrx_word' id='word_1_15' title='bbox 992 582 1155 658; x_wconf 90' lang='lat' dir='ltr'>punctum</span> <span class='ocrx_word' id='word_1_16' title='bbox 1169 570 1201 638; x_wconf 93' lang='lat' dir='ltr'>L</span> <span class='ocrx_word' id='word_1_17' title='bbox 1217 570 1322 657; x_wconf 89' lang='lat' dir='ltr'>ipsius</span> <span class='ocrx_word' id='word_1_18' title='bbox 1339 570 1406 637; x_wconf 90' lang='lat' dir='ltr'>PL.</span> 
     </span>
     <span class='ocr_line' id='line_1_3' title="bbox 318 679 1411 765; baseline -0.002 -17"><span class='ocrx_word' id='word_1_19' title='bbox 318 679 355 748; x_wconf 92' lang='lat' dir='ltr'>Si</span> <span class='ocrx_word' id='word_1_20' title='bbox 373 679 465 747; x_wconf 91' lang='lat' dir='ltr'>enim</span> <span class='ocrx_word' id='word_1_21' title='bbox 484 690 646 765; x_wconf 91' lang='lat' dir='ltr'>punctum</span> <span class='ocrx_word' id='word_1_22' title='bbox 665 682 696 748; x_wconf 92' lang='lat' dir='ltr'>T</span> <span class='ocrx_word' id='word_1_23' title='bbox 715 679 914 748; x_wconf 88' lang='lat' dir='ltr'>consisteret</span> <span class='ocrx_word' id='word_1_24' title='bbox 932 692 1010 758; x_wconf 85' lang='lat' dir='ltr'>ante</span> <span class='ocrx_word' id='word_1_25' title='bbox 1031 680 1125 748; x_wconf 89' lang='lat' dir='ltr'>illum</span> <span class='ocrx_word' id='word_1_26' title='bbox 1144 701 1332 758; x_wconf 88' lang='lat' dir='ltr'>occursum,</span> <span class='ocrx_word' id='word_1_27' title='bbox 1353 680 1411 748; x_wconf 91' lang='lat' dir='ltr'>de-</span> 
     </span>
     <span class='ocr_line' id='line_1_4' title="bbox 315 789 1411 876; baseline 0 -20"><span class='ocrx_word' id='word_1_28' title='bbox 315 789 409 856; x_wconf 88' lang='lat' dir='ltr'>beret</span> <span class='ocrx_word' id='word_1_29' title='bbox 427 789 500 875; x_wconf 88' lang='lat' dir='ltr'>ipsa</span> <span class='ocrx_word' id='word_1_30' title='bbox 516 789 802 875; x_wconf 83' lang='lat' dir='ltr'>perpendicularis</span> <span class='ocrx_word' id='word_1_31' title='bbox 821 790 887 857; x_wconf 92' lang='lat' dir='ltr'>TR</span> <span class='ocrx_word' id='word_1_32' title='bbox 904 811 1016 857; x_wconf 88' lang='lat' dir='ltr'>secare</span> <span class='ocrx_word' id='word_1_33' title='bbox 1034 791 1177 858; x_wconf 89' lang='lat' dir='ltr'>eandem</span> <span class='ocrx_word' id='word_1_34' title='bbox 1197 791 1257 858; x_wconf 93' lang='lat' dir='ltr'>PL</span> <span class='ocrx_word' id='word_1_35' title='bbox 1274 789 1310 856; x_wconf 92' lang='lat' dir='ltr'>in</span> <span class='ocrx_word' id='word_1_36' title='bbox 1328 809 1411 876; x_wconf 92' lang='lat' dir='ltr'>quo-</span> 
     </span>
     <span class='ocr_line' id='line_1_5' title="bbox 316 898 1411 987; baseline 0.001 -21"><span class='ocrx_word' id='word_1_37' title='bbox 316 899 395 966; x_wconf 87' lang='lat' dir='ltr'>dam</span> <span class='ocrx_word' id='word_1_38' title='bbox 408 909 534 984; x_wconf 91' lang='lat' dir='ltr'>puncto</span> <span class='ocrx_word' id='word_1_39' title='bbox 549 899 592 966; x_wconf 93' lang='lat' dir='ltr'>K.</span> <span class='ocrx_word' id='word_1_40' title='bbox 632 899 730 967; x_wconf 92' lang='lat' dir='ltr'>Tunc</span> <span class='ocrx_word' id='word_1_41' title='bbox 743 910 858 969; x_wconf 89' lang='lat' dir='ltr'>autem</span> <span class='ocrx_word' id='word_1_42' title='bbox 871 899 907 967; x_wconf 91' lang='lat' dir='ltr'>in</span> <span class='ocrx_word' id='word_1_43' title='bbox 920 899 1092 987; x_wconf 84' lang='lat' dir='ltr'>triangulo</span> <span class='ocrx_word' id='word_1_44' title='bbox 1107 899 1207 966; x_wconf 91' lang='lat' dir='ltr'>KPR</span> <span class='ocrx_word' id='word_1_45' title='bbox 1220 898 1411 967; x_wconf 88' lang='lat' dir='ltr'>inveniren-</span> 
     </span>
     <span class='ocr_line' id='line_1_6' title="bbox 316 1007 1410 1096; baseline 0.001 -21"><span class='ocrx_word' id='word_1_46' title='bbox 316 1018 373 1075; x_wconf 89' lang='lat' dir='ltr'>tur</span> <span class='ocrx_word' id='word_1_47' title='bbox 385 1008 455 1077; x_wconf 95' lang='lat' dir='ltr'>duo</span> <span class='ocrx_word' id='word_1_48' title='bbox 467 1007 584 1095; x_wconf 84' lang='lat' dir='ltr'>anguli</span> <span class='ocrx_word' id='word_1_49' title='bbox 598 1007 680 1076; x_wconf 91' lang='lat' dir='ltr'>recti</span> <span class='ocrx_word' id='word_1_50' title='bbox 694 1008 730 1075; x_wconf 92' lang='lat' dir='ltr'>in</span> <span class='ocrx_word' id='word_1_51' title='bbox 743 1007 876 1095; x_wconf 89' lang='lat' dir='ltr'>punctis</span> <span class='ocrx_word' id='word_1_52' title='bbox 891 1010 929 1087; x_wconf 89' lang='lat' dir='ltr'>P,</span> <span class='ocrx_word' id='word_1_53' title='bbox 944 1019 978 1076; x_wconf 86' lang='lat' dir='ltr'>et</span> <span class='ocrx_word' id='word_1_54' title='bbox 992 1009 1025 1076; x_wconf 92' lang='lat' dir='ltr'><strong>R</strong></span> <span class='ocrx_word' id='word_1_55' title='bbox 1033 1030 1041 1090; x_wconf 89' lang='lat'>;</span> <span class='ocrx_word' id='word_1_56' title='bbox 1055 1010 1147 1096; x_wconf 91' lang='lat' dir='ltr'>quod</span> <span class='ocrx_word' id='word_1_57' title='bbox 1161 1019 1212 1076; x_wconf 91' lang='lat' dir='ltr'>est</span> <span class='ocrx_word' id='word_1_58' title='bbox 1226 1008 1410 1078; x_wconf 88' lang='lat' dir='ltr'>absurdum</span> 
     </span>
     <span class='ocr_line' id='line_1_7' title="bbox 292 1109 1410 1205; baseline 0.002 -21"><span class='ocrx_word' id='word_1_59' title='bbox 292 1109 293 1112; x_wconf 47' lang='lat'>&#39;</span> <span class='ocrx_word' id='word_1_60' title='bbox 316 1128 435 1185; x_wconf 87' lang='lat' dir='ltr'>contra</span> <span class='ocrx_word' id='word_1_61' title='bbox 461 1117 808 1204; x_wconf 90' lang='lat' dir='ltr'>decimamseptimam</span> <span class='ocrx_word' id='word_1_62' title='bbox 833 1117 943 1205; x_wconf 92' lang='lat' dir='ltr'>primi.</span> <span class='ocrx_word' id='word_1_63' title='bbox 997 1117 1116 1205; x_wconf 88' lang='lat' dir='ltr'>Itaque</span> <span class='ocrx_word' id='word_1_64' title='bbox 1143 1128 1276 1188; x_wconf 90' lang='lat' dir='ltr'>constat</span> <span class='ocrx_word' id='word_1_65' title='bbox 1303 1128 1410 1186; x_wconf 87' lang='lat' dir='ltr'>rectas</span> 
     </span>
     <span class='ocr_line' id='line_1_8' title="bbox 317 1225 1411 1315; baseline 0.003 -23"><span class='ocrx_word' id='word_1_66' title='bbox 317 1225 395 1305; x_wconf 86' lang='lat' dir='ltr'>AD,</span> <span class='ocrx_word' id='word_1_67' title='bbox 413 1226 474 1296; x_wconf 93' lang='lat' dir='ltr'>PL</span> <span class='ocrx_word' id='word_1_68' title='bbox 487 1226 551 1294; x_wconf 92' lang='lat' dir='ltr'>sibi</span> <span class='ocrx_word' id='word_1_69' title='bbox 564 1226 709 1295; x_wconf 92' lang='lat' dir='ltr'>invicem</span> <span class='ocrx_word' id='word_1_70' title='bbox 730 1227 784 1313; x_wconf 88' lang='lat' dir='ltr'>(in</span> <span class='ocrx_word' id='word_1_71' title='bbox 799 1227 977 1314; x_wconf 88' lang='lat' dir='ltr'>hypothesi</span> <span class='ocrx_word' id='word_1_72' title='bbox 992 1227 1108 1315; x_wconf 79' lang='lat' dir='ltr'>anguli</span> <span class='ocrx_word' id='word_1_73' title='bbox 1124 1228 1226 1314; x_wconf 86' lang='lat' dir='ltr'>recti)</span> <span class='ocrx_word' id='word_1_74' title='bbox 1246 1228 1282 1295; x_wconf 91' lang='lat' dir='ltr'>in</span> <span class='ocrx_word' id='word_1_75' title='bbox 1297 1227 1411 1314; x_wconf 88' lang='lat' dir='ltr'>aliquo</span> 
     </span>
     <span class='ocr_line' id='line_1_9' title="bbox 316 1336 1410 1423; baseline -0.002 -19"><span class='ocrx_word' id='word_1_76' title='bbox 316 1346 442 1420; x_wconf 93' lang='lat' dir='ltr'>puncto</span> <span class='ocrx_word' id='word_1_77' title='bbox 457 1357 656 1404; x_wconf 85' lang='lat' dir='ltr'>occursuras</span> <span class='ocrx_word' id='word_1_78' title='bbox 679 1337 731 1423; x_wconf 87' lang='lat' dir='ltr'>(et</span> <span class='ocrx_word' id='word_1_79' title='bbox 747 1336 884 1423; x_wconf 90' lang='lat' dir='ltr'>quidem</span> <span class='ocrx_word' id='word_1_80' title='bbox 900 1338 944 1405; x_wconf 90' lang='lat' dir='ltr'>ad</span> <span class='ocrx_word' id='word_1_81' title='bbox 960 1337 1101 1416; x_wconf 88' lang='lat' dir='ltr'>finitam,</span> <span class='ocrx_word' id='word_1_82' title='bbox 1120 1359 1180 1405; x_wconf 90' lang='lat' dir='ltr'>seu</span> <span class='ocrx_word' id='word_1_83' title='bbox 1195 1337 1410 1405; x_wconf 89' lang='lat' dir='ltr'>terminatam</span> 
     </span>
     <span class='ocr_line' id='line_1_10' title="bbox 317 1443 1411 1533; baseline 0.002 -21"><span class='ocrx_word' id='word_1_84' title='bbox 317 1443 533 1531; x_wconf 84' lang='lat' dir='ltr'>distantiam)</span> <span class='ocrx_word' id='word_1_85' title='bbox 561 1445 589 1512; x_wconf 90' lang='lat' dir='ltr'>si</span> <span class='ocrx_word' id='word_1_86' title='bbox 612 1447 856 1533; x_wconf 89' lang='lat' dir='ltr'>protrahantur</span> <span class='ocrx_word' id='word_1_87' title='bbox 876 1467 994 1515; x_wconf 88' lang='lat' dir='ltr'>versus</span> <span class='ocrx_word' id='word_1_88' title='bbox 1017 1446 1091 1514; x_wconf 90' lang='lat' dir='ltr'>illas</span> <span class='ocrx_word' id='word_1_89' title='bbox 1114 1456 1236 1533; x_wconf 83' lang='lat' dir='ltr'>partes,</span> <span class='ocrx_word' id='word_1_90' title='bbox 1261 1448 1305 1514; x_wconf 90' lang='lat' dir='ltr'>ad</span> <span class='ocrx_word' id='word_1_91' title='bbox 1327 1467 1411 1533; x_wconf 89' lang='lat' dir='ltr'>quas</span> 
     </span>
     <span class='ocr_line' id='line_1_11' title="bbox 317 1553 1411 1643; baseline 0.001 -22"><span class='ocrx_word' id='word_1_92' title='bbox 317 1575 394 1621; x_wconf 91' lang='lat' dir='ltr'>cum</span> <span class='ocrx_word' id='word_1_93' title='bbox 411 1553 563 1641; x_wconf 85' lang='lat' dir='ltr'>subjecta</span> <span class='ocrx_word' id='word_1_94' title='bbox 580 1555 644 1621; x_wconf 88' lang='grc' dir='ltr'>ΑΡ</span> <span class='ocrx_word' id='word_1_95' title='bbox 667 1555 913 1642; x_wconf 87' lang='lat' dir='ltr'>(quantaelibet</span> <span class='ocrx_word' id='word_1_96' title='bbox 930 1555 1044 1624; x_wconf 87' lang='lat' dir='ltr'>finitae</span> <span class='ocrx_word' id='word_1_97' title='bbox 1062 1555 1302 1643; x_wconf 89' lang='lat' dir='ltr'>longitudinis)</span> <span class='ocrx_word' id='word_1_98' title='bbox 1325 1557 1411 1625; x_wconf 89' lang='lat' dir='ltr'>duos</span> 
     </span>
    </p>
   </div>
   <div class='ocr_carea' id='block_1_2' title="bbox 317 1664 1412 1842">
    <p class='ocr_par' dir='ltr' id='par_1_2' title="bbox 317 1664 1412 1842">
     <span class='ocr_line' id='line_1_12' title="bbox 317 1664 1412 1752; baseline 0.004 -22"><span class='ocrx_word' id='word_1_99' title='bbox 317 1664 460 1750; x_wconf 80' lang='lat' dir='ltr'>angulos</span> <span class='ocrx_word' id='word_1_100' title='bbox 483 1665 631 1733; x_wconf 89' lang='lat' dir='ltr'>efficiunt</span> <span class='ocrx_word' id='word_1_101' title='bbox 653 1665 784 1734; x_wconf 89' lang='lat' dir='ltr'>duobus</span> <span class='ocrx_word' id='word_1_102' title='bbox 808 1664 906 1732; x_wconf 89' lang='lat' dir='ltr'>rectis</span> <span class='ocrx_word' id='word_1_103' title='bbox 928 1665 1086 1733; x_wconf 88' lang='lat' dir='ltr'>minores.</span> <span class='ocrx_word' id='word_1_104' title='bbox 1134 1665 1238 1752; x_wconf 84' lang='lat' dir='ltr'>Quod</span> <span class='ocrx_word' id='word_1_105' title='bbox 1259 1676 1333 1734; x_wconf 90' lang='lat' dir='ltr'>erat</span> <span class='ocrx_word' id='word_1_106' title='bbox 1355 1667 1412 1734; x_wconf 87' lang='lat' dir='ltr'>de·</span> 
     </span>
     <span class='ocr_line' id='line_1_13' title="bbox 317 1769 669 1842; baseline -0.009 -3"><span class='ocrx_word' id='word_1_107' title='bbox 317 1773 585 1842; x_wconf 88' lang='lat' dir='ltr'>monstrandum.</span> <span class='ocrx_word' id='word_1_108' title='bbox 611 1769 669 1837; x_wconf 83' lang='lat'>[1⁵]</span> 
     </span>
    </p>
   </div>
   <div class='ocr_carea' id='block_1_3' title="bbox 702 1985 1027 2071">
    <p class='ocr_par' dir='ltr' id='par_1_3' title="bbox 702 1985 1027 2071">
     <span class='ocr_line' id='line_1_14' title="bbox 702 1985 1027 2071; baseline 0.006 -29"><span class='ocrx_word' id='word_1_109' title='bbox 702 1985 942 2071; x_wconf 68' lang='lat' dir='ltr'>morosum</span> <span class='ocrx_word' id='word_1_110' title='bbox 960 1987 1027 2044; x_wconf 76' lang='grc' dir='ltr'>ΧΠ.</span> 
     </span>
    </p>
   </div>
   <div class='ocr_carea' id='block_1_4' title="bbox 318 2137 1411 2448">
    <p class='ocr_par' dir='ltr' id='par_1_4' title="bbox 318 2137 1411 2448">
     <span class='ocr_line' id='line_1_15' title="bbox 318 2137 1410 2229; baseline 0.006 -24"><span class='ocrx_word' id='word_1_111' title='bbox 318 2137 468 2206; x_wconf 84' lang='lat' dir='ltr'>Rursum</span> <span class='ocrx_word' id='word_1_112' title='bbox 483 2138 559 2208; x_wconf 85' lang='lat' dir='ltr'>dico</span> <span class='ocrx_word' id='word_1_113' title='bbox 573 2149 700 2208; x_wconf 82' lang='lat' dir='ltr'>rectam</span> <span class='ocrx_word' id='word_1_114' title='bbox 714 2141 784 2207; x_wconf 84' lang='lat' dir='ltr'>AD</span> <span class='ocrx_word' id='word_1_115' title='bbox 799 2139 922 2209; x_wconf 80' lang='lat' dir='ltr'>alicubi</span> <span class='ocrx_word' id='word_1_116' title='bbox 935 2143 980 2209; x_wconf 86' lang='lat' dir='ltr'>ad</span> <span class='ocrx_word' id='word_1_117' title='bbox 995 2165 1053 2210; x_wconf 76' lang='lat' dir='ltr'>ear</span> <span class='ocrx_word' id='word_1_118' title='bbox 1065 2153 1180 2229; x_wconf 78' lang='lat' dir='ltr'>partes</span> <span class='ocrx_word' id='word_1_119' title='bbox 1196 2165 1410 2212; x_wconf 82' lang='lat' dir='ltr'>occursurum</span> 
     </span>
     <span class='ocr_line' id='line_1_16' title="bbox 409 2248 1411 2338; baseline 0.005 -24"><span class='ocrx_word' id='word_1_120' title='bbox 409 2258 521 2316; x_wconf 79' lang='lat' dir='ltr'>rectae</span> <span class='ocrx_word' id='word_1_121' title='bbox 534 2248 595 2315; x_wconf 93' lang='lat' dir='ltr'>PL</span> <span class='ocrx_word' id='word_1_122' title='bbox 618 2249 670 2335; x_wconf 85' lang='lat' dir='ltr'>(et</span> <span class='ocrx_word' id='word_1_123' title='bbox 684 2248 820 2336; x_wconf 82' lang='lat' dir='ltr'>quidem</span> <span class='ocrx_word' id='word_1_124' title='bbox 836 2252 881 2318; x_wconf 87' lang='lat' dir='ltr'>od</span> <span class='ocrx_word' id='word_1_125' title='bbox 894 2250 1038 2338; x_wconf 80' lang='lat' dir='ltr'>finitam,</span> <span class='ocrx_word' id='word_1_126' title='bbox 1053 2274 1114 2320; x_wconf 85' lang='lat' dir='ltr'>seu</span> <span class='ocrx_word' id='word_1_127' title='bbox 1131 2251 1345 2321; x_wconf 79' lang='lat' dir='ltr'>terminatam</span> <span class='ocrx_word' id='word_1_128' title='bbox 1362 2252 1411 2321; x_wconf 65' lang='lat' dir='ltr'>ui.</span> 
     </span>
     <span class='ocr_line' id='line_1_17' title="bbox 409 2357 1238 2448; baseline 0.006 -23"><span class='ocrx_word' id='word_1_129' title='bbox 409 2357 589 2445; x_wconf 83' lang='lat' dir='ltr'>stantiam)</span> <span class='ocrx_word' id='word_1_130' title='bbox 614 2359 714 2427; x_wconf 83' lang='lat' dir='ltr'>etium</span> <span class='ocrx_word' id='word_1_131' title='bbox 733 2359 770 2427; x_wconf 80' lang='lat' dir='ltr'>in</span> <span class='ocrx_word' id='word_1_132' title='bbox 787 2359 966 2448; x_wconf 70' lang='lat' dir='ltr'>hypothesi</span> <span class='ocrx_word' id='word_1_133' title='bbox 983 2361 1100 2446; x_wconf 71' lang='lat' dir='ltr'>appuli</span> <span class='ocrx_word' id='word_1_134' title='bbox 1119 2360 1238 2430; x_wconf 81' lang='lat' dir='ltr'>obtusi.</span> 
     </span>
    </p>
   </div>
   <div class='ocr_carea' id='block_1_5' title="bbox 318 2534 1414 3172">
    <p class='ocr_par' dir='ltr' id='par_1_5' title="bbox 318 2534 1414 3172">
     <span class='ocr_line' id='line_1_18' title="bbox 388 2534 1412 2626; baseline 0.007 -25"><span class='ocrx_word' id='word_1_135' title='bbox 388 2534 660 2603; x_wconf 88' lang='lat' dir='ltr'>Demonstratur.</span> <span class='ocrx_word' id='word_1_136' title='bbox 706 2535 798 2603; x_wconf 90' lang='lat' dir='ltr'>Nam</span> <span class='ocrx_word' id='word_1_137' title='bbox 816 2546 960 2622; x_wconf 89' lang='lat' dir='ltr'>sumpta,</span> <span class='ocrx_word' id='word_1_138' title='bbox 980 2547 1018 2605; x_wconf 92' lang='lat' dir='ltr'>ut</span> <span class='ocrx_word' id='word_1_139' title='bbox 1037 2537 1072 2605; x_wconf 90' lang='lat' dir='ltr'>in</span> <span class='ocrx_word' id='word_1_140' title='bbox 1090 2538 1264 2625; x_wconf 87' lang='lat' dir='ltr'>superiore</span> <span class='ocrx_word' id='word_1_141' title='bbox 1283 2541 1412 2626; x_wconf 91' lang='lat' dir='ltr'>Propo-</span> 
     </span>
     <span class='ocr_line' id='line_1_19' title="bbox 319 2641 1413 2736; baseline 0.006 -26"><span class='ocrx_word' id='word_1_142' title='bbox 319 2641 451 2723; x_wconf 90' lang='lat' dir='ltr'>sitione,</span> <span class='ocrx_word' id='word_1_143' title='bbox 473 2644 538 2711; x_wconf 90' lang='lat' dir='ltr'>DF</span> <span class='ocrx_word' id='word_1_144' title='bbox 557 2643 689 2731; x_wconf 89' lang='lat' dir='ltr'>aequali</span> <span class='ocrx_word' id='word_1_145' title='bbox 708 2644 772 2730; x_wconf 87' lang='lat' dir='ltr'>ipsi</span> <span class='ocrx_word' id='word_1_146' title='bbox 793 2645 872 2725; x_wconf 91' lang='lat' dir='ltr'>AD,</span> <span class='ocrx_word' id='word_1_147' title='bbox 894 2645 1115 2734; x_wconf 89' lang='lat' dir='ltr'>demissisque</span> <span class='ocrx_word' id='word_1_148' title='bbox 1134 2647 1207 2735; x_wconf 89' lang='lat' dir='ltr'>jam</span> <span class='ocrx_word' id='word_1_149' title='bbox 1227 2648 1318 2717; x_wconf 92' lang='lat' dir='ltr'>notis</span> <span class='ocrx_word' id='word_1_150' title='bbox 1338 2672 1413 2736; x_wconf 91' lang='lat' dir='ltr'>per-</span> 
     </span>
     <span class='ocr_line' id='line_1_20' title="bbox 319 2752 1412 2846; baseline 0.006 -26"><span class='ocrx_word' id='word_1_151' title='bbox 319 2752 600 2840; x_wconf 87' lang='lat' dir='ltr'>pendicularibus‚</span> <span class='ocrx_word' id='word_1_152' title='bbox 627 2755 805 2822; x_wconf 88' lang='lat' dir='ltr'>ostendere</span> <span class='ocrx_word' id='word_1_153' title='bbox 830 2755 936 2823; x_wconf 90' lang='lat' dir='ltr'>debeo</span> <span class='ocrx_word' id='word_1_154' title='bbox 962 2754 1116 2842; x_wconf 89' lang='lat' dir='ltr'>junctam</span> <span class='ocrx_word' id='word_1_155' title='bbox 1143 2758 1218 2826; x_wconf 94' lang='lat' dir='ltr'>DM</span> <span class='ocrx_word' id='word_1_156' title='bbox 1244 2758 1412 2846; x_wconf 85' lang='lat' dir='ltr'>majorem</span> 
     </span>
     <span class='ocr_line' id='line_1_21' title="bbox 321 2861 1414 2954; baseline 0.008 -26"><span class='ocrx_word' id='word_1_157' title='bbox 321 2862 398 2931; x_wconf 85' lang='lat' dir='ltr'>fore</span> <span class='ocrx_word' id='word_1_158' title='bbox 411 2861 484 2948; x_wconf 90' lang='lat' dir='ltr'>ipsa</span> <span class='ocrx_word' id='word_1_159' title='bbox 499 2862 572 2942; x_wconf 89' lang='lat' dir='ltr'>DF,</span> <span class='ocrx_word' id='word_1_160' title='bbox 587 2863 659 2931; x_wconf 90' lang='lat' dir='ltr'>sive</span> <span class='ocrx_word' id='word_1_161' title='bbox 673 2863 751 2942; x_wconf 84' lang='lat' dir='ltr'>DA,</span> <span class='ocrx_word' id='word_1_162' title='bbox 767 2875 867 2951; x_wconf 90' lang='lat' dir='ltr'>atque</span> <span class='ocrx_word' id='word_1_163' title='bbox 881 2865 959 2932; x_wconf 91' lang='lat' dir='ltr'>ideo</span> <span class='ocrx_word' id='word_1_164' title='bbox 979 2865 1041 2951; x_wconf 85' lang='lat' dir='ltr'>(ex</span> <span class='ocrx_word' id='word_1_165' title='bbox 1055 2865 1185 2934; x_wconf 91' lang='lat' dir='ltr'>decima</span> <span class='ocrx_word' id='word_1_166' title='bbox 1199 2867 1323 2954; x_wconf 75' lang='lat' dir='ltr'>huius)</span> <span class='ocrx_word' id='word_1_167' title='bbox 1344 2891 1414 2937; x_wconf 90' lang='lat' dir='ltr'>rec·</span> 
     </span>
     <span class='ocr_line' id='line_1_22' title="bbox 318 2971 1412 3061; baseline 0.006 -22"><span class='ocrx_word' id='word_1_168' title='bbox 318 2981 390 3040; x_wconf 89' lang='lat' dir='ltr'>tam</span> <span class='ocrx_word' id='word_1_169' title='bbox 407 2972 478 3040; x_wconf 94' lang='lat' dir='ltr'>BM</span> <span class='ocrx_word' id='word_1_170' title='bbox 494 2971 664 3057; x_wconf 88' lang='lat' dir='ltr'>majorem</span> <span class='ocrx_word' id='word_1_171' title='bbox 682 2973 758 3041; x_wconf 78' lang='lat' dir='ltr'>fore</span> <span class='ocrx_word' id='word_1_172' title='bbox 775 2973 848 3061; x_wconf 90' lang='lat' dir='ltr'>ipsa</span> <span class='ocrx_word' id='word_1_173' title='bbox 865 2974 938 3041; x_wconf 87' lang='lat' dir='ltr'>AB.</span> <span class='ocrx_word' id='word_1_174' title='bbox 981 2975 1026 3043; x_wconf 88' lang='lat' dir='ltr'>Et</span> <span class='ocrx_word' id='word_1_175' title='bbox 1043 2974 1155 3060; x_wconf 91' lang='lat' dir='ltr'>primo</span> <span class='ocrx_word' id='word_1_176' title='bbox 1170 2997 1239 3044; x_wconf 90' lang='lat' dir='ltr'>non</span> <span class='ocrx_word' id='word_1_177' title='bbox 1256 2977 1321 3046; x_wconf 89' lang='lat' dir='ltr'>erit</span> <span class='ocrx_word' id='word_1_178' title='bbox 1337 2979 1412 3046; x_wconf 94' lang='lat' dir='ltr'>DM</span> 
     </span>
     <span class='ocr_line' id='line_1_23' title="bbox 319 3081 1413 3172; baseline 0.008 -24"><span class='ocrx_word' id='word_1_179' title='bbox 319 3081 468 3168; x_wconf 90' lang='lat' dir='ltr'>aequalis</span> <span class='ocrx_word' id='word_1_180' title='bbox 484 3081 547 3168; x_wconf 92' lang='lat' dir='ltr'>ipsi</span> <span class='ocrx_word' id='word_1_181' title='bbox 563 3083 635 3148; x_wconf 87' lang='lat' dir='ltr'>DF.</span> <span class='ocrx_word' id='word_1_182' title='bbox 677 3083 858 3152; x_wconf 88' lang='lat' dir='ltr'>Caeterum</span> <span class='ocrx_word' id='word_1_183' title='bbox 873 3084 1016 3170; x_wconf 80' lang='lat' dir='ltr'>angulus</span> <span class='ocrx_word' id='word_1_184' title='bbox 1033 3085 1140 3152; x_wconf 87' lang='lat' dir='ltr'>DMF</span> <span class='ocrx_word' id='word_1_185' title='bbox 1155 3085 1304 3172; x_wconf 89' lang='lat' dir='ltr'>aequalis</span> <span class='ocrx_word' id='word_1_186' title='bbox 1322 3087 1413 3157; x_wconf 81' lang='lat' dir='ltr'>foret</span> 
     </span>
    </p>
   </div>
   <div class='ocr_carea' id='block_1_6' title="bbox 0 0 1598 5050">
    <p class='ocr_par' dir='ltr' id='par_1_6' title="bbox 0 0 1598 5050">
     <span class='ocr_line' id='line_1_24' title="bbox 0 0 1598 5050; baseline 0 0"><span class='ocrx_word' id='word_1_187' title='bbox 0 0 1598 5050; x_wconf 95' lang='lat' dir='ltr'> </span> 
     </span>
    </p>
   </div>
  </div>
 </body>
</html>
