3148 5054
328 515 562 580 demonstrare
591 533 637 578 ex
664 509 851 579 visceribus
881 509 1057 595 ipsiusmet
1086 507 1294 596 hypothesis,
1325 515 1433 593 prout

327 641 414 708 opus
436 621 528 689 foret
548 621 593 689 ad
613 619 803 707 perfectam
824 617 1109 706 redargutionem.

398 729 603 815 Respondeo
626 739 741 798 autem
765 727 889 815 triplici
913 728 1027 797 medio
1051 748 1152 796 usum
1176 749 1232 795 me
1257 725 1367 794 fuisse
1392 724 1431 792 in

329 838 519 908 XXXVII.
540 838 646 925 hujus
665 840 710 906 ad
729 838 1031 906 demonstrandam
1050 834 1259 924 praedictam
1278 834 1431 922 aequali·

328 958 443 1017 tatem
486 947 533 1017 Et
548 947 660 1034 primo
676 947 825 1035 quidem,
843 947 879 1014 in
896 967 1039 1034 corpore
1056 946 1146 1014 illius
1164 944 1428 1032 Propositionis‚

329 1057 527 1126 demonstro
541 1078 618 1125 eam
632 1077 773 1125 curvam
787 1056 899 1135 CKD,
915 1066 1018 1142 prout
1032 1065 1246 1123 enascentem
1260 1077 1306 1122 ex
1319 1055 1432 1140 hypo-

329 1167 416 1235 thesi
443 1165 559 1253 anguli
586 1165 676 1235 acuti
710 1166 770 1253 (ac
795 1176 975 1252 propterea
1002 1151 1281 1250 semper'cavam
1307 1184 1430 1236 versus

329 1286 443 1364 partes
464 1275 554 1345 illius
575 1287 685 1343 rectae
706 1274 790 1361 AB)
817 1274 992 1360 aequalem
1012 1273 1123 1342 eidem
1144 1294 1218 1342 esse
1238 1273 1372 1351 debere,
1393 1281 1431 1341 et

329 1384 467 1471 quidem
493 1395 733 1472 argumentum
759 1385 916 1452 ducendo
941 1406 986 1452 ex
1011 1382 1094 1470 ipsis
1120 1381 1277 1469 ejusdem
1302 1403 1431 1450 curvae
1552 1395 1554 1430 ς

329 1493 555 1581 tangentibus.
608 1493 742 1561 Deinde
769 1491 804 1561 in
832 1492 965 1561 duobus
992 1492 1149 1579 ejusdem
1178 1489 1431 1578 Propositionis

329 1601 608 1690 subsequentibus
620 1601 775 1682 Scholiis,
785 1600 1157 1688 praecisiveaqualibet
1166 1599 1302 1686 speciali
1321 1601 1433 1687 hypo-

330 1713 428 1791 thesi,
454 1711 505 1780 bis
530 1731 667 1780 rursum
692 1711 891 1780 demonstro
914 1711 1154 1797 aequalitatem
1178 1710 1269 1778 illius
1293 1709 1432 1798 genitae
1552 1685 1554 1754 5

330 1821 439 1890 lineae
454 1821 518 1891 CD
533 1842 611 1890 cum
625 1819 780 1908 subjecta
795 1832 886 1889 recta
900 1819 990 1888 linea
1004 1819 1079 1900 AB,
1096 1819 1338 1907 qualiscunque
1352 1829 1433 1887 tan-
1552 1905 1554 1932 ἲ

331 1932 409 1999 dem
426 1941 604 1999 censeatur
620 1951 694 1998 esse
713 1929 785 2016 ipsa
803 1929 893 1998 linea
911 1929 976 1999 CD
993 1951 1035 1998 eo
1051 1930 1158 1998 modo
1175 1929 1298 2016 genita.
1553 1965 1554 1972 κ

398 2040 479 2127 Jam
497 2060 598 2122 ver03
619 2049 785 2126 quatenus
807 2038 865 2106 illa
885 2060 990 2107 curva
1011 2038 1122 2118 CKD,
1144 2049 1247 2125 prout
1267 2059 1432 2106 enascens
1553 2009 1554 2062 Τ

335 2143 393 2213 [⁹⁹]
414 2171 459 2217 ex
476 2148 654 2236 hypothesi
672 2148 788 2236 anguli
806 2147 906 2226 acuti,
925 2157 1103 2216 censeatur
1118 2147 1231 2234 primo
1248 2147 1307 2216 illo
1323 2148 1433 2216 modo

331 2259 564 2326 demonstrata
585 2257 735 2345 aequalis
758 2257 931 2345 subjectae
953 2267 1064 2326 rectae
1085 2256 1194 2325 lineae
1216 2255 1434 2338 AB3ma11i·

333 2367 424 2435 festa
441 2367 556 2436 evadit
574 2366 780 2454 redargutio
799 2388 878 2435 cum
895 2389 940 2434 ex
958 2367 1077 2435 eadem
1095 2365 1274 2454 hypothesi
1292 2365 1434 2435 eviden-

332 2487 385 2545 ter
401 2477 654 2544 demonstretur
669 2476 794 2563 major.
839 2475 900 2545 Sin
919 2486 1033 2544 autem
1050 2475 1216 2546 alterutro
1233 2499 1279 2544 ex
1296 2475 1433 2544 duobus

332 2585 407 2654 aliis
426 2584 538 2654 modis
555 2595 692 2654 ostensa
710 2595 888 2654 censeatur
907 2585 1092 2672 aequalitas
1111 2584 1301 2672 praedicem
1320 2607 1433 2672 neque

332 2708 413 2764 tunc
440 2705 550 2764 cessat
578 2694 775 2782 redargutio
803 2705 923 2762 contra
950 2695 1154 2781 hypothesin
1182 2694 1298 2781 anguli
1327 2698 1430 2762 acuti.

333 2804 437 2872 Ratio
452 2815 520 2886 est;
535 2803 615 2889 quia
630 2803 714 2871 nihil
729 2814 831 2882 vetat,
848 2802 931 2889 quin
947 2804 1004 2872 illa
1021 2803 1085 2873 CD
1102 2803 1145 2871 sit
1160 2826 1276 2882 curva,
1292 2813 1327 2872 et
1341 2802 1433 2871 nihi·

332 2913 481 2982 lominus
496 2912 646 3000 aequalis
663 2911 708 2982 sit
723 2912 771 2980 illi
788 2924 899 2981 rectae
915 2912 990 2992 AB,
1007 2914 1090 2981 dum
1105 2923 1221 2981 tamen
1238 2913 1282 2981 sit
1298 2933 1435 2998 semper

333 3044 451 3091 versus
467 3044 524 3091 eas
540 3034 653 3108 partes
668 3044 831 3101 convexa,
849 3043 889 3090 ac
905 3033 1084 3108 propterea
1100 3034 1191 3090 recta
1207 3022 1356 3110 jungens
1373 3022 1433 3091 illa

333 3132 452 3201 eadem
474 3144 599 3219 puncta
623 3131 662 3211 C,
686 3143 720 3200 et
743 3133 777 3198 D
798 3131 914 3199 minor
936 3131 980 3200 sit
1003 3131 1234 3217 contraposita
1256 3132 1330 3200 basi
1353 3131 1431 3212 AB,

333 3252 435 3327 prout
450 3241 486 3309 in
504 3240 681 3328 hypothesi
699 3235 815 3329 anguli
833 3240 963 3309 obtusi:
981 3241 1029 3309 At
1047 3241 1187 3309 omnino
1204 3252 1381 3330 repugnat,
1400 3241 1432 3310 si

333 3372 452 3419 versus
470 3352 607 3420 easdem
625 3360 738 3436 partes
757 3350 801 3418 sit
820 3371 953 3436 semper
970 3371 1063 3428 cava,
1084 3372 1123 3418 ac
1141 3361 1321 3437 propterea
1339 3361 1433 3420 recta

333 3459 482 3546 jungens
504 3459 677 3547 praedicta
700 3459 758 3527 illa
780 3470 905 3545 puncta
928 3459 967 3538 C,
991 3469 1025 3527 et
1049 3460 1082 3526 D
1105 3459 1221 3546 major
1244 3460 1288 3529 sit
1311 3460 1433 3530 eadem

334 3569 564 3655 contraposita
589 3569 661 3638 basi
688 3569 763 3648 AB,
790 3578 892 3655 prout
918 3568 954 3637 in
980 3568 1158 3655 hypothesi
1185 3569 1302 3657 anguli
1328 3569 1431 3639 acuti.

334 3678 449 3764 Atque
477 3677 525 3747 ita
552 3678 760 3747 declaratum
787 3677 862 3764 jam
889 3687 940 3745 cst
968 3677 1003 3744 in
1033 3677 1171 3747 Scholio
1198 3678 1434 3765 praecedentis

335 3786 593 3873 Propositionis.
645 3785 780 3856 Scilicet
804 3797 923 3855 eontra
948 3785 1151 3874 hypothesin
1176 3787 1292 3876 anguli
1318 3788 1434 3858 obtusi
