3148 5054
340 499 488 557 metrum
508 487 620 554 MAN
639 488 754 574 quoad
771 486 888 555 omnia
906 485 1011 572 ipsius
1030 495 1155 573 puncta
1175 485 1210 552 in
1230 485 1352 553 eodem
1372 483 1441 550 situ

341 618 415 666 esse
429 617 644 666 mansuram:
661 617 703 664 ne
719 597 806 664 duae
823 605 933 665 rectae
949 594 1057 663 lineae
1079 595 1217 681 (contra
1233 594 1442 680 praecedens

337 705 484 775 lemma
513 705 680 792 primum)
715 705 862 792 spatium
892 704 1059 773 claudant
1115 704 1259 773 Constat
1288 702 1442 770 secundo

341 815 472 885 nullum
495 826 658 901 punctum
683 815 718 884 K
741 813 1036 882 circumferentiae
1062 811 1175 881 NKM
1200 833 1360 880 casurum
1385 811 1441 879 vel

342 922 441 1004 intra,
464 924 518 992 vel
540 935 638 992 extra
661 922 873 1010 superficiem
894 923 1044 991 clausam
1066 921 1234 991 diametro
1258 920 1381 1000 MAN,
1406 932 1441 988 et

342 1033 448 1102 altera
464 1033 740 1102 circumferentia
758 1032 927 1112 NHDM;
944 1053 986 1100 ne
1002 1030 1127 1099 seilicet
1144 1042 1263 1098 contra
1279 1042 1441 1098 naturam

341 1142 467 1221 circuli,
487 1164 574 1211 unus
593 1142 709 1210 radius
726 1164 758 1209 v.
778 1163 809 1228 g.
831 1142 900 1208 AK
917 1141 1031 1210 minor
1048 1141 1101 1219 sit,
1121 1150 1180 1208 aut
1197 1140 1313 1226 major
1330 1139 1441 1207 altero

342 1251 498 1338 ejusdem
521 1251 637 1320 circuli
662 1250 760 1320 radio
782 1275 813 1318 v.
840 1273 871 1338 g.
898 1249 979 1317 AH.
1030 1250 1173 1318 Constat
1196 1249 1297 1317 tertio
1321 1269 1440 1335 quem-

342 1361 422 1430 libet
439 1361 572 1430 radinm
588 1361 664 1428 MA
678 1359 869 1429 continuari
886 1360 983 1428 unice
998 1381 1097 1446 posse
1113 1359 1149 1426 in
1166 1370 1294 1438 rectum
1311 1353 1437 1444 perl8⁴l

342 1471 487 1540 alterum
515 1471 686 1556 quendam
715 1469 849 1538 radium
878 1469 959 1547 AN,
989 1492 1031 1536 ne
1067 1468 1205 1554 (contra
1235 1469 1440 1555 praecedens

342 1579 485 1648 Lemma
500 1579 705 1665 secundum)
726 1581 815 1648 duae
831 1578 1024 1665 suppositae
1041 1575 1151 1646 rectae
1166 1578 1285 1656 lineae,
1303 1589 1340 1647 ut
1357 1588 1442 1664 puta

344 1689 465 1768 MAN,
485 1689 609 1768 MAH,
620 1711 735 1758 vunum
752 1688 907 1775 idemque
925 1709 1103 1756 commune
1120 1688 1267 1756 habeant
1284 1708 1441 1774 segmen-

341 1810 415 1868 tum
431 1799 515 1866 MA.
556 1799 699 1867 Constat
714 1809 837 1883 quarto
857 1798 921 1883 (ex
934 1797 1090 1883 proxime
1106 1798 1323 1866 antecedente
1337 1797 1442 1863 Lem-

342 1907 451 1993 mate)
472 1929 589 1978 omnes
604 1907 757 1994 cujusvis
771 1906 887 1975 circuli
902 1907 1086 1975 diametros
1102 1928 1137 1974 se
1152 1906 1298 1974 invicem
1313 1906 1347 1973 in
1363 1927 1441 1974 cen-

342 2029 399 2085 tro
414 2037 537 2096 secare,
554 2027 588 2085 et
604 2039 649 2084 ex
663 2028 745 2085 nota
761 2026 884 2084 natura
900 2016 1015 2084 circuli
1033 2015 1204 2084 bifariam.

413 2127 469 2193 Ex
494 2127 616 2212 quibus
643 2126 799 2194 omnibus
825 2137 980 2193 constare
1008 2136 1127 2212 potest,
1156 2126 1248 2211 quod
1274 2126 1442 2192 diameter
1561 2177 1562 2208 3

345 2234 456 2303 MAN
481 2246 555 2303 tum
582 2234 703 2304 dividit
729 2234 943 2303 exactissime
969 2255 1069 2303 suum
1095 2235 1268 2314 circulum,
1295 2235 1442 2320 ejusque

343 2343 655 2414 circumferentiam
677 2344 712 2412 in
734 2345 819 2412 duas
841 2343 997 2431 aequales
1020 2353 1143 2430 partes,
1166 2355 1240 2412 tum
1261 2344 1364 2412 etiam
1386 2366 1443 2411 as·

344 2453 432 2524 sumi
454 2453 640 2522 universim
663 2463 773 2540 potest
796 2475 858 2538 pro
880 2452 1028 2540 qualibet
1050 2452 1206 2539 ejusdem
1227 2453 1343 2522 circuli
1367 2453 1443 2521 dia-

343 2573 463 2632 metro.
504 2562 608 2649 Quod
624 2573 698 2630 erat
713 2573 774 2630 etc.

785 2768 996 2826 SCHOLION.

415 2895 516 2964 Hanc
544 2897 688 2965 eandem
715 2897 893 2966 veritatem
922 2899 1190 2967 demonstratam
1229 2899 1320 2987 leges
1349 2901 1443 2986 apud

345 3003 503 3074 Clavium
528 3027 550 3074 a
574 3007 716 3075 Thalete
743 3006 890 3086 Milesio,
918 3008 977 3075 sed
1005 3007 1152 3076 fortasse
1178 3030 1247 3076 non
1274 3009 1443 3078 exhausta

345 3114 437 3182 omni
457 3113 605 3200 qualibet
624 3115 824 3202 objectione.

790 3319 938 3378 LEMMA
956 3319 993 3380 V.

345 3449 441 3518 inter
458 3451 603 3538 onpulos
620 3449 811 3520 rectilineos
828 3474 946 3521 omnes
964 3453 1082 3540 onpuli
1098 3453 1182 3523 recti
1198 3466 1280 3522 sunt
1295 3453 1443 3523 inanem

476 3559 689 3629 exactissime
703 3561 870 3648 aequales,
884 3560 959 3630 sine
971 3563 1040 3630 ullo
1055 3562 1194 3650 defectu
1209 3562 1310 3632 etiam
1414 3583 1415 3586 ’

756 3669 888 3758 infinite
906 3680 1023 3757 parvo

190 3811 192 3818 ¹
306 3876 308 3880 -
417 3828 689 3897 Demonstratur.
732 3829 908 3917 Angulum
925 3829 1014 3898 inter
1031 3832 1220 3900 rectilineos
1239 3843 1369 3901 rectum
1386 3836 1445 3902 de-

349 3934 422 4004 finit
439 3937 617 4008 Euclides:
651 3937 711 4026 qui
727 3949 779 4007 est
795 3939 945 4026 aequalis
962 3963 1024 4008 suo
1043 3940 1209 4028 deinceps.
1254 3941 1335 4010 Non
1353 3945 1446 4012 hunc
