3148 5054
298 477 426 536 rectum
446 465 481 534 in
500 467 550 552 T)
575 464 689 553 major
708 463 781 551 ipsa
799 464 871 545 LT,
892 476 925 533 et
944 466 1027 532 haec
1052 464 1210 551 (propter
1229 463 1393 551 angulum

297 588 426 646 rectum
444 577 479 644 in
496 576 550 664 Q)
572 575 687 662 major
704 575 810 643 altera
827 575 902 663 ΩΤ.
946 573 1057 662 Igitur
1075 575 1134 641 LF
1151 574 1260 642 multo
1277 573 1394 661 major

296 687 361 755 erit
379 686 453 772 ipsa
472 685 547 772 QT.
593 685 685 753 Hinc
705 695 837 765 autem;
857 683 885 751 si
906 685 941 752 in
961 684 1026 772 QT
1045 694 1217 772 protracta
1238 692 1393 752 sumatur

296 795 366 882 QK
379 795 528 882 aequalis
543 794 606 880 ipsi
620 796 680 862 LF
689 818 697 875 ;
712 805 874 880 punctum
889 795 924 860 K
944 794 1007 880 (ex
1022 793 1075 862 34.
1092 792 1216 880 hujus)
1237 795 1280 860 ad
1296 814 1393 879 prae·

296 916 426 973 sentem
442 926 582 972 curvam
599 903 771 989 spectabit,
789 904 952 989 cedetque
970 902 1096 971 idcirco
1113 913 1275 990 punctum
1292 903 1323 971 T
1341 901 1392 968 in-

296 1026 350 1081 tra
365 1013 545 1082 cavitatem
562 1013 717 1100 ejusdem
734 1034 866 1080 curvae.
910 1013 990 1080 Non
1008 1034 1091 1100 ergo
1108 1023 1198 1079 recta
1215 1013 1286 1091 FT,
1306 1033 1393 1098 quae

297 1134 388 1192 secat
407 1124 492 1191 duas
513 1134 621 1193 rectas
641 1122 721 1210 QK,
744 1133 777 1190 et
797 1121 860 1191 LT
881 1121 916 1189 in
937 1124 978 1200 T,
1001 1121 1194 1208 promoveri
1216 1132 1326 1207 potest
1347 1123 1391 1188 ad

296 1234 476 1301 secandam
499 1243 706 1318 protractam
728 1233 786 1300 LS
809 1232 844 1299 in
868 1243 993 1318 puncto
1016 1231 1060 1310 X,
1085 1231 1269 1299 constituto
1293 1241 1392 1298 extra

296 1343 476 1410 cavitatem
493 1341 679 1427 praesentis
698 1363 831 1420 curvae,
851 1341 916 1408 nisi
936 1340 1029 1427 prius
1048 1340 1121 1427 ipsa
1139 1351 1311 1427 protracta
1329 1341 1392 1408 FT

295 1461 384 1519 secet
401 1451 436 1518 in
454 1451 568 1537 aliquo
585 1463 711 1537 puncto
728 1451 761 1520 O
780 1450 971 1536 portionem
988 1450 1144 1536 ejusdem
1161 1473 1285 1518 curvae
1304 1450 1392 1517 inter

296 1570 421 1647 puncta
438 1561 471 1639 S,
489 1572 522 1628 et
539 1561 572 1628 K
592 1556 649 1623 [90]
669 1560 897 1628 constitutam.
939 1560 1018 1627 Hoc
1034 1570 1147 1628 autem
1163 1571 1235 1628 erat
1252 1561 1391 1628 demon-

296 1671 483 1739 strandum.

693 1881 991 1940 COROLLARIUM.

365 2011 480 2099 Atque
503 2011 581 2080 hinc
605 2012 788 2080 manifeste
813 2011 926 2097 liquet,
953 2013 1041 2080 inter
1065 2023 1261 2099 tangentem
1286 2011 1390 2099 hujus

296 2143 429 2200 curvae,
451 2132 484 2189 et
504 2121 613 2207 ipsam
633 2144 773 2190 curvam
793 2121 897 2189 locari
919 2144 988 2189 non
1008 2143 1107 2208 posse
1128 2123 1299 2207 quandam
1320 2143 1390 2188 rec-

295 2241 376 2310 tam,
395 2253 481 2316 quae
499 2242 572 2298 tota
590 2232 633 2298 ad
652 2232 748 2308 hanc,
768 2231 822 2298 vei
841 2231 934 2298 illam
952 2232 1123 2318 tangentis
1142 2241 1273 2317 partem
1292 2242 1390 2298 extra

295 2361 419 2408 curvae
443 2340 622 2408 cavitatem
649 2341 764 2421 cadat;
790 2340 1065 2426 quandoquidem
1091 2352 1181 2408 recta
1207 2340 1254 2407 sic
1280 2341 1389 2408 iocata

295 2450 425 2518 efficere
442 2450 540 2518 debet
563 2451 625 2535 (ex
643 2449 881 2536 praecedente)
904 2451 1067 2536 angulum
1084 2461 1221 2518 acutum
1238 2473 1314 2518 cum
1332 2452 1390 2517 de-

294 2557 399 2627 missa
420 2581 464 2627 ex
485 2571 610 2645 puncto
632 2570 806 2627 contactus
829 2560 873 2627 ad
895 2559 1160 2645 contrapositam
1184 2559 1292 2627 basim
1315 2581 1390 2646 per-

295 2668 511 2754 pendiculari.

634 2881 875 2939 PROPOSITIO
895 2881 1049 2940 XXXVII.

295 3007 409 3076 Curvo
426 3009 535 3090 cito,
554 3032 598 3077 en
615 3011 793 3097 hypothesi
809 3011 927 3097 anpnii
943 3011 1033 3080 ocuti
1050 3035 1220 3093 enascens,
1238 3011 1389 3099 aequalis

386 3139 458 3187 esse
477 3120 614 3188 deberet
631 3119 879 3205 contrapositae
899 3121 971 3188 basi
987 3121 1062 3190 ΑΒ.

362 3260 453 3328 Ante
467 3262 791 3330 demonstrationem
805 3263 985 3349 praemitto
1000 3286 1142 3350 sequens
1157 3265 1302 3333 axioma.

363 3370 400 3440 Si
417 3371 504 3440 duae
519 3370 625 3439 lineae
641 3371 803 3439 bifariam
819 3372 1025 3452 dividantur,
1041 3385 1115 3442 tum
1130 3396 1248 3442 earum
1263 3375 1388 3442 medie-

293 3490 388 3558 tates,
409 3502 448 3548 ac
467 3502 602 3548 rursum
621 3482 826 3567 quadrantes
844 3483 1016 3562 bifariam,
1037 3495 1136 3569 atque
1156 3484 1203 3552 ita
1221 3485 1257 3551 in
1276 3484 1388 3551 infini-

292 3599 366 3657 tum
386 3589 606 3658 uniformiter
627 3593 847 3676 procedatur;
869 3602 961 3659 certo
982 3604 1184 3678 argumento
1205 3594 1278 3672 erit,
1301 3595 1387 3662 duas

293 3698 375 3767 istas
390 3698 495 3767 lineas
511 3721 584 3768 esse
601 3700 688 3768 inter
704 3722 739 3768 se
755 3701 921 3786 aequales,
939 3702 1071 3788 quoties
1088 3703 1123 3770 in
1139 3703 1204 3770 ista
1220 3703 1387 3772 uniformi

291 3808 327 3875 in
345 3807 515 3878 infinitum
532 3809 699 3878 divisione
716 3809 952 3895 comperiatur,
972 3833 1031 3880 seu
1049 3813 1309 3892 demonstretur,
1329 3815 1386 3882 de
